2602 4432
175 209 242 278 264·
555 225 765 283 ADELPHou
1077 231 1210 302 ΝΜ

260 347 355 416 Sensi
375 349 448 416 ilico
465 349 500 415 id
521 349 592 414 illos
614 349 777 435 sdspiccri
804 350 861 417 sed
881 374 933 418 me
954 354 1156 439 reprehendi
1169 373 1196 415 m

258 535 309 602 Ne
327 536 404 621 quid
422 536 461 601 de
478 535 576 601 fratre
598 454 745 623 {Redite
767 537 814 602 illi
837 538 974 604 dicerem
995 561 1036 604 cc
1058 539 1156 607 fieret

105 729 157 786 625
257 722 352 788 Nunc
369 721 447 805 quid
464 631 719 788 faciamtpdidiii
731 723 838 789 fratris
855 726 924 790 esse
938 724 1041 790 hunc?
1058 727 1156 811 quod

597 816 766 882 minumdst
783 839 864 904 opus

256 889 403 993 Vsquum
429 907 550 974 ecferri.
586 931 624 973 ac
650 912 753 975 mitto:
779 910 847 976 deri
869 911 949 997 potis
970 921 1018 976 est
1041 922 1079 976 ut
1104 935 1153 980 ne

596 1025 660 1087 qua
677 1006 784 1070 exeat:

256 1078 417 1184 idipsum
435 1108 596 1163 metuont
617 1098 757 1208 credant.
793 1109 839 1165 tot
860 1101 1054 1167 concurrunt
1075 1102 1152 1168 ueri

256 1269 395 1372 Egomet
416 1286 507 1372 rapui
529 1193 766 1371 ipseffllghdmet
787 1286 873 1354 solui
891 1287 1074 1371 argentum
1101 1289 1192 1355 adro

594 1402 646 1445 me
663 1380 830 1445 abductos
848 1380 985 1447 domum.

255 1474 348 1540 Haec
366 1474 445 1539 adeo
462 1496 535 1539 mea
552 1475 645 1559 cdlpa
662 1473 765 1584 fateor
781 1474 862 1540 fieri.
896 1495 961 1538 non
982 1497 1034 1540 me
1058 1475 1149 1542 hunc

102 1671 154 1726 630
254 1641 301 1727 Vt
322 1670 359 1725 ut
386 1670 453 1726 erat
479 1671 579 1746 gesta,
594 1569 776 1774 riiprdiddstsrdi
803 1661 980 1726 exdrassem
1006 1671 1043 1726 ut
1071 1685 1148 1728 eam

256 1847 424 1915 Cessatum
438 1866 540 1929 usque
554 1752 836 1912 αᾶῒιζὲθοᾚῃοιιυηο
849 1869 952 1932 porro,
967 1848 1145 1929 Aeschine,

595 1940 827 2026 expergiscere!

254 2035 349 2100 Nimc
367 2034 428 2099 hoc
445 2033 626 2120 primumst:
644 2035 687 2098 ed
703 2035 773 2100 illus
790 2035 855 2112 ibo,
873 2044 909 2099 ut
924 2035 1059 2121 purgem
1077 2061 1144 2105 me.

596 2129 744 2194 accedam
761 2129 803 2193 cd
820 2129 913 2194 fores.

253 2223 355 2288 Perii:
374 2223 521 2287 horresco
539 2223 673 2330 semper,
691 2222 747 2287 ubi
763 2223 887 2308 pultdre
905 2220 999 2289 hcsce
1017 2223 1144 2310 occipio
1157 2242 1185 2285 ro

254 2411 346 2476 Heus
363 2409 457 2474 heus:
484 2338 746 2493 Aesomiffrego
769 2432 849 2474 sum.
885 2409 1003 2494 aperite
1023 2409 1142 2496 otiquis

594 2512 734 2566 actutum
751 2502 876 2566 dotium.

101 2609 152 2664 635
254 2597 364 2662 Prodit
380 2597 488 2663 nescio
506 2597 592 2680 quis:
610 2596 783 2660 concedam
799 2595 873 2661 huc.

435 2860 569 2924 Mrcto
630 2859 875 2924 Anscnruvs

334 3009 336 3014 ,
450 2975 545 3018 senex
649 2975 843 3018 mvnrscrns

673 3064 733 3128 Ml.
750 3045 802 3128 tta
819 3064 865 3128 uc
884 3063 957 3142 cm,
979 3063 1196 3144 Sostratum

254 3161 378 3237 Fecite3
397 3181 458 3245 ego
476 3157 673 3224 Aeschinum
692 3160 887 3234 conueniam,
910 3171 946 3225 ut
962 3161 1025 3244 qud
1042 3165 1138 3228 modo
1175 3197 1179 3201 ·

594 3265 665 3318 ncta
682 3255 760 3319 haec
778 3256 840 3318 sint
856 3253 944 3319 sciat.

255 3349 321 3416 Sed
338 3349 410 3433 quis
432 3347 547 3413 ostium
565 3347 624 3412 hoc
644 3349 799 3434 pultauit?
833 3349 895 3412 Au.
913 3349 1011 3415 Peter
1031 3350 1139 3419 hercle

594 3452 655 3506 est:
672 3443 761 3528 perii.
804 3443 863 3507 M1.
881 3443 1053 3522 Aeschine,

169 3541 231 3604 An.
255 3535 342 3618 Quid
363 3535 438 3600 huic
460 3535 511 3600 hic
532 3535 689 3620 negotist?
722 3536 781 3604 M1.
808 3538 883 3602 tt'me
905 3538 962 3602 has
980 3538 1139 3625 pepulisti

592 3630 695 3695 fores?

254 3726 363 3791 Tacet.
391 3724 471 3809 quor
487 3745 551 3789 non
568 3724 644 3788 ludo
662 3725 747 3790 hunc
763 3726 1006 3813 eliquantisper?
1024 3727 1138 3794 melius
1165 3749 1180 3791 o

592 3829 651 3896 est,
1080 3853 1082 3859 ·

102 3921 153 3980 640
255 3910 522 3998 Quandoquidem
540 3912 600 3977 hoc
616 3934 789 3997 numquam
812 3914 856 3978 mi
876 3916 945 4004 ipse
967 3915 1067 3984 uoluit
1089 3916 1139 3986 di·

590 4027 671 4076 0010·
