2602 4432
178 218 240 285 154
577 229 752 289 enorme
1143 230 1198 304 1,a

259 357 423 442 Rogemus
441 353 519 439 quid
535 355 585 421 sit.
622 356 810 439 ‘numquam
828 353 944 438 aeque'
968 353 1070 440 inquit
1092 357 1145 421 ‘de

598 450 694 514 modo

258 544 435 629 Paupertas
448 543 525 607 mihi
539 564 618 607 onus
632 545 766 608 uisumst
780 553 812 607 et
826 542 977 608 miserum
990 545 1022 608 et
1035 566 1144 630 graue.
1170 597 1172 601 ,

122 643 157 697 95
257 638 359 702 Modo
376 637 537 720 quandam
559 636 626 701 uidi
643 636 800 722 uirginem
817 635 868 700 hie
886 637 1021 702 uiciniae
1157 655 1184 695 45

259 731 413 796 Miseram
430 753 521 795 snam
539 741 674 795 matrem
691 729 857 795 lamentari
874 732 1040 795 mdrtuam.

187 804 308 889 'Ea
325 826 384 889 sita
401 834 469 889 erat
486 824 708 902 exadudrsum,
726 843 830 906 neque
847 823 892 887 illi
910 823 1077 888 beniuolus

256 918 369 1002 Neque
381 919 473 982 ndtus
487 939 591 1002 neque
605 921 760 1004 cognitus
773 928 863 982 extra
876 940 973 982 unam
985 917 1144 982 aniculam

257 1011 436 1095 Quisquam
449 1012 568 1087 aderat,
578 1012 632 1095 qui
646 1011 801 1076 adiutaret
810 1011 920 1075 funus:
930 1012 1143 1076 miseritumst.

104 1111 155 1166 100
256 1105 358 1190 Virgo
374 1107 445 1191 ipsa
461 1105 544 1171 faeie
562 1104 726 1192 egregias·
749 1104 826 1188 quid
842 1105 949 1168 uerbis
968 1106 1080 1190 opust?
1156 1124 1183 1166 aa

258 1198 441 1264 Commdrat
459 1198 562 1264 omnis
579 1199 645 1263 ntis.
681 1197 727 1262 ibi
746 1198 895 1262 continuo
913 1180 1057 1283 Antipho

256 1293 416 1358 ‘Voltisne
434 1314 543 1358 eamus
561 1292 697 1357 uiserel'
716 1292 796 1356 alius
816 1294 959 1356 ‘ee'nseoz

256 1385 392 1450 Eamus:
412 1386 474 1451 dua
490 1407 549 1450 nos
568 1384 681 1451 addes?
716 1385 809 1461 imus,
828 1384 985 1462 uenimus,

256 1481 421 1544 Videmus.
457 1479 550 1564 uirgo
567 1479 709 1564 pdlchra,
728 1490 759 1544 et
776 1500 840 1563 qno
858 1479 960 1566 magis
979 1480 1108 1556 diceres,

138 1591 150 1622 Γ
255 1573 310 1647 Nil
327 1573 437 1638 aderat
454 1572 628 1637 adiumenti
646 1573 687 1636 ad
704 1571 986 1657 pulehritddinem:
1156 1588 1183 1631 aa

256 1665 401 1752 Capillus
418 1688 542 1753 passus,
559 1666 663 1730 addus
681 1688 748 1752 pes,
765 1665 988 1752 ipsahdrrida,
1149 1753 1152 1759 ,
1184 1742 1187 1747 p

255 1761 446 1838 Lacrumae‚
464 1760 599 1825 uestitus
619 1760 733 1845 tdrpis:
754 1772 799 1837 ut,
817 1760 851 1824 ni
868 1762 918 1824 uis
935 1760 1010 1825 boni
1143 1777 1205 1783 ··
1220 1774 1255 1845 ’,ᾖ

36 1860 103 1905 >
242 1857 295 1933 ,ln
311 1857 382 1950 ipsa
399 1855 517 1921 inesset
533 1855 645 1930 firma,
663 1855 743 1920 haec
759 1855 895 1919 formam
913 1857 1143 1940 extinguerent.

255 1949 314 2014 Ille
331 1949 385 2033 qui
402 1949 490 2014 illam
507 1950 636 2013 amabat
653 1948 825 2026 fidicinam,
844 1950 966 2013 tantiam
984 1950 1079 2015 modo

103 2060 154 2115 110
256 2041 370 2109 ‘Satis’
393 2042 497 2127 inquit
515 2042 677 2120 fseitast’3
703 2044 810 2108 nister
835 2064 912 2108 uero
931 2095 938 2110 .
958 2090 966 2106 .
985 2043 1050 2109 DA.
1072 2043 1142 2107 Iam
1155 2063 1182 2104 eo

597 2157 676 2203 sero:

254 2232 376 2295 Amare
394 2231 506 2317 eoepit.
534 2229 596 2297 Gn.
617 2229 693 2297 Scin
710 2231 825 2314 quaml
843 2252 906 2314 quo
925 2231 1040 2296 euadat
1058 2231 1140 2297 uide.

253 2325 474 2391 Postridiead
491 2348 589 2390 anum
605 2327 693 2389 reeta
709 2324 828 2409 pergit:
846 2325 1001 2401 dbseerat,

36 2492 46 2512 .
73 2487 83 2510 ‚
255 2419 301 2486 Vt
318 2419 378 2483 sibi
395 2419 463 2485 eius
481 2419 577 2484 faeiat
595 2417 729 2503 adpiam.
765 2418 819 2483 illa
836 2419 921 2483 enim
938 2421 972 2484 se
990 2430 1087 2505 negat

9 2457 152 2590 iuml
180 2529 222 2574 κ
254 2511 368 2595 Neque
386 2535 459 2578 eum
477 2513 678 2669 adquonpalt
695 2512 814 2577 faeere:
836 2512 924 2577 illam
946 2513 1048 2578 ciuem
1072 2536 1142 2579 esse

628 2605 747 2682 ttieam,

102 2709 153 2764 115
254 2701 380 2765 Bonam
397 2698 488 2763 bonis
506 2701 709 2784 prognatam:
732 2698 758 2762 si
775 2699 907 2763 uxorem
925 2699 1012 2776 uelit,
1154 2719 1182 2762 ss

255 2793 347 2879 Lege
364 2793 398 2856 id
415 2793 510 2857 licere
527 2792 648 2868 faeere3
669 2792 717 2856 sin
735 2792 834 2869 aliter,
852 2803 957 2878 negat.

256 2888 373 2953 Noster
390 2887 468 2971 quid
486 2899 594 2971 ageret
611 2886 747 2951 nescire:
766 2900 797 2952 et
814 2886 901 2951 illam
919 2887 1035 2952 ddcere

257 2980 418 3067 capiebat
436 2992 469 3046 et
485 2982 647 3046 metuebat
665 2980 829 3045 absentem
847 2994 980 3066 patrem.

171 3076 235 3140 Da.
253 3075 338 3150 Non,
357 3076 384 3139 si
399 3074 543 3151 redisset,
562 3077 592 3139 ei
608 3085 699 3159 pater
715 3075 842 3139 ueniam
860 3074 967 3139 daret?

103 3177 154 3233 120
172 3168 234 3236 Gn.
256 3170 315 3234 Ille
332 3169 507 3233 indotatam
524 3169 681 3253 uirginem
698 3181 793 3251 atque
810 3168 983 3254 igndbilem
1154 3188 1181 3228 ro

256 3264 358 3328 Daret
392 3262 456 3326 illi?
494 3285 668 3346 numquam
702 3262 831 3328 facerat.
887 3262 951 3326 Da
984 3260 1073 3343 Quid
1107 3263 1142 3326 fit

9 3355 43 3435 ’9,
151 3410 152 3413 ,
435 3383 439 3390 ·
596 3356 752 3439 denique?
1177 3389 1182 3424 ;

38 3438 41 3449 ¹
68 3449 89 3529 ἓ
172 3451 233 3517 Gn.
257 3450 345 3533 Quid
360 3451 438 3516 flat?
458 3462 506 3516 est
523 3453 679 3536 parasitus
697 3450 826 3533 quidam
843 3450 1005 3527 Phdrmio,

93 3536 98 3547 ’
130 3533 166 3646 ’)
256 3547 363 3610 Homd
382 3545 558 3610 conlidens:
580 3545 634 3628 qui
651 3545 741 3608 illum
759 3543 792 3607 di
809 3565 918 3608 omnes
935 3541 1097 3629 perduintl

76 3640 124 3736 *s
172 3640 234 3704 Dr.
256 3639 342 3720 Quid
368 3639 395 3704 is
421 3638 515 3705 feeit?
551 3637 612 3703 Gn.
635 3639 709 3702 Hoe
735 3638 900 3702 eonsilium
926 3638 1011 3722 quod
1038 3637 1142 3701 dicam

597 3731 697 3796 dedit:

102 3836 153 3893 125
256 3828 343 3894 ‘Lex
360 3830 409 3893 dat
426 3839 462 3892 ut
479 3827 586 3902 orbae,
604 3826 659 3908 qui
687 3824 751 3890 sint
768 3849 883 3910 genere
901 3824 1059 3912 prtixumi,
1155 3843 1183 3886 aa

258 3923 314 3988 Eis
332 3923 464 3998 ulabant,
483 3930 514 3986 et
530 3919 600 3984 illos
614 3920 729 3984 <lucere
747 3920 858 3985 eadem
876 3920 955 3985 haee
973 3922 1024 3983 ldx
1042 3919 1141 3985 iubet.

112 4029 175 4111 A
243 4018 320 4107 Ego
340 4019 372 4085 tei
391 4025 568 4106 cognatum
586 4013 688 4081 diuam
707 4025 739 4080 et
753 4014 813 4079 tibi
830 4014 964 4081 scribam
983 4015 1101 4092 dieam3
1178 4070 1182 4075 .
