2602 4432
169 223 211 293 38
576 240 724 298 aunam
1070 240 1189 312 maa

252 363 306 428 Ad
332 362 505 450 agdndum:
536 387 577 430 ne
606 367 752 430 uooluom
781 362 877 450 [eene]
905 387 957 430 me
984 384 1069 428 nuno
1095 363 1138 428 aa

589 458 782 523 narrandum
800 459 923 523 orddae:

251 552 390 617 Proinde
408 551 481 618 hino
499 575 557 619 uos
572 552 758 630 amolimini3
777 574 851 617 nam
865 551 908 616 mi
921 550 1137 637 inpedimento

593 645 678 711 detis.

166 739 227 802 ΡΑ.
249 738 322 825 Ego
344 740 425 805 hana
446 742 558 807 ulnam.
576 777 619 787 —
636 739 700 804 Dr.
724 739 812 822 Quid
839 740 893 804 tu?
923 761 986 824 quo
1008 738 1083 804 hino
1105 749 1136 805 te
1149 757 1175 799 aa

384 862 388 869 ·
591 834 679 920 agis?
714 832 774 899 Cn.
806 833 926 900 Verum
946 833 995 897 uis
1013 833 1136 898 dicam?

590 927 655 992 DA.
677 928 780 993 Immo
798 928 907 992 etiam:

251 1022 447 1086 Narrationis
465 1023 573 1108 lnoipit
587 1023 630 1086 mi
647 1023 781 1087 initium.
810 1019 870 1086 Cu.
894 1020 982 1104 Quid
995 1044 1046 1085 me
1060 1020 1136 1085 fiet?

100 1118 151 1173 710
167 1113 231 1178 Da.
255 1114 325 1178 Eho
343 1127 378 1179 tu
395 1116 562 1201 inpudens,
585 1136 648 1179 non
667 1114 742 1180 satis
760 1115 869 1192 habea,
891 1114 977 1198 quod
995 1115 1051 1178 tibi
1069 1114 1136 1178 die-

592 1210 697 1275 culam
713 1208 808 1285 addo,

252 1300 417 1383 Quantum
435 1301 508 1367 huie
529 1323 702 1388 promoueo
719 1302 864 1386 nuptias?
895 1298 955 1365 Cn.
978 1299 1084 1377 Daue,
1102 1303 1135 1365 at

590 1407 697 1460 tamen
721 1393 786 1458 Da.
810 1392 897 1475 Quid
917 1394 1011 1478 drgo?

167 1485 227 1551 Cu.
251 1490 295 1556 Vt
313 1488 437 1553 diruam.
469 1488 534 1552 Dn.
557 1488 749 1553 Ridiculum.
783 1484 843 1551 On.
865 1487 940 1550 Hdo
957 1487 1008 1551 fao
1025 1487 1066 1550 ad
1083 1509 1135 1552 me

589 1594 624 1645 ut
642 1581 764 1655 ueniae,
782 1580 809 1643 si
827 1579 905 1662 quid
921 1580 1047 1664 poteris.

165 1671 230 1736 DA.
253 1672 342 1755 Quid
359 1674 504 1740 ueniam?
525 1674 569 1740 nil
587 1675 699 1739 habeo.
727 1671 787 1738 Cn.
805 1655 852 1738 rit
870 1685 985 1749 tamen,
1004 1674 1030 1737 si
1047 1673 1133 1758 quld.
1148 1692 1174 1732 ao

588 1768 652 1832 DA.
676 1770 749 1852 Age
767 1768 904 1842 ueniam,
923 1769 949 1831 ei
966 1767 1052 1850 quid.

169 1858 228 1923 Cn.
250 1860 349 1925 Domi
367 1864 430 1927 dre.
465 1862 530 1926 Da.
553 1863 615 1938 Tu,
633 1863 747 1946 Mysis,
766 1861 843 1925 dum
860 1863 948 1937 dxeo,
966 1862 1136 1946 parumper

591 1979 642 2020 me
660 1957 804 2040 opperire
822 1954 883 2018 hio.

99 2056 150 2110 715
167 2046 233 2111 Mr.
254 2047 474 2132 Quaprdpter?
501 2047 564 2112 Dn.
588 2050 640 2112 lta
656 2048 771 2113 factost
788 2070 876 2133 opua
903 2047 972 2111 Mu.
994 2046 1133 2112 Matdra.

591 2142 655 2206 DA.
678 2141 747 2206 Iam
765 2141 894 2224 inquam
912 2141 963 2205 hio
980 2141 1087 2205 adero.

486 2329 624 2395 Musae
666 2328 812 2395 Dnvos

487 2437 619 2481 nucmnn
679 2437 791 2480 suavos

167 2514 235 2579 Mn.
253 2516 347 2580 Nilne
361 2519 429 2581 esse
443 2517 603 2602 proprium
617 2516 801 2600 quoiquaml
821 2516 852 2580 di
865 2518 1004 2580 uostrdm
1022 2517 1187 2595 fldemlrv‚a

252 2608 420 2674 Summum
448 2612 567 2674 bonum
598 2633 666 2675 esse
693 2612 765 2676 erad
791 2610 902 2695 putaui
927 2609 1012 2674 huno
1037 2611 1135 2674 Pam·

592 2705 723 2790 philum,

252 2800 413 2875 Amicum,
432 2801 614 2876 amatorem,
633 2799 737 2862 uirum
754 2798 788 2862 in
805 2800 918 2881 quouis
934 2797 1005 2863 loeo

133 2900 135 2904 ’
251 2892 419 2968 Paratum
442 2915 553 2956 uerum
572 2915 612 2956 ex
635 2893 672 2956 ed
695 2913 780 2956 nuno
801 2891 917 2955 misera
934 2894 1028 2975 quem
1051 2891 1135 2978 capit

252 2985 426 3051 Laboreml
450 2987 542 3051 facile
561 2986 612 3051 hio
630 2986 701 3071 plus
723 2986 827 3050 maliet
845 3008 940 3069 quam
962 2985 1027 3050 illlo
1048 2986 1133 3051 boni.
1161 3005 1174 3047 a

254 3079 319 3143 Sed
337 3079 448 3144 Dauos
467 3081 540 3144 exit.
563 3082 607 3143 ml
625 3080 727 3156 homo,
746 3078 823 3161 quid
840 3077 921 3143 istuc
939 3078 1118 3143 dbseoroet?

252 3172 326 3253 Quo
336 3176 442 3258 portas
453 3175 605 3259 puerum?
623 3172 686 3237 DA.
701 3173 813 3258 My'siS,
828 3195 912 3238 nune
926 3193 1005 3257 opus
1019 3175 1066 3237 est
1080 3185 1135 3238 tua
1223 3199 1226 3204 ·

251 3267 336 3331 Mihi
345 3267 386 3331 ad
394 3268 476 3332 hano
490 3290 557 3332 rem
572 3279 756 3352 exprompta
769 3266 888 3330 malitia
901 3279 995 3350 atque
1010 3267 1133 3332 astutia.

167 3360 235 3424 Mr.
255 3358 342 3441 Quid
364 3384 438 3424 nam
460 3361 672 3446 incepturu's?
706 3360 770 3424 Dn.
792 3341 914 3445 Accipe
937 3385 957 3424 a
977 3383 1028 3425 me
1050 3361 1135 3426 huno

589 3454 677 3520 ocius

99 3555 149 3610 tao
251 3549 360 3630 Atque
386 3550 460 3612 ante
485 3558 625 3612 nostram
650 3549 777 3612 ianuam
804 3548 936 3634 adpone.
973 3549 1040 3613 Mr.
1065 3528 1134 3614 Ob·
1149 3569 1174 3609 ro

591 3663 690 3719 neom,

251 3735 411 3800 Humlne?
445 3734 509 3799 DA.
533 3733 585 3799 Ex
603 3759 656 3800 arn
675 3735 748 3799 hino
766 3736 855 3800 eume
872 3736 1028 3800 uerbenas
1046 3736 1103 3800 tibi

251 3830 360 3913 Atque
378 3831 431 3894 eds
450 3829 623 3894 substerne.
655 3828 723 3893 Mu.
747 3827 854 3909 Quam
872 3830 914 3895 db
932 3853 998 3895 rem
1016 3831 1048 3893 id
1067 3843 1133 3897 tute

590 3924 653 3986 ndn
671 3922 769 3986 facis?

166 4019 229 4085 Da.
254 4016 349 4100 Quia,
368 4019 394 4081 el
413 4016 493 4081 forte
511 4036 591 4101 opus
608 4015 649 4080 sit
665 4016 708 4080 dd
726 4040 813 4081 orum
832 4018 930 4082 iurato
948 4018 1025 4082 mihi
