2602 4432
99 207 100 211 ’
120 224 173 277 x11
308 217 311 222 ’
577 216 748 284 rasuramo‘

118 349 268 400 retraetata
294 343 464 417 Parisinum,
492 347 651 404 Ambrosia·
670 353 698 404 et
709 348 768 404 eins
779 348 920 422 proprium
928 349 1067 421 quoddam
1078 344 1205 420 pretium,

118 431 197 482 num,
216 414 394 484 Vaticanum,
415 415 517 471 similes
558 416 652 471 icturis
671 422 699 472 et
729 418 803 489 quod
832 418 993 488 plerumque
1022 434 1087 472 eum
1112 432 1206 471 reeen-

119 487 238 548 oruatos,
259 501 296 537 nu
317 500 347 537 er
367 483 484 552 quidem·
499 435 562 552 (ΒΕ.
580 485 650 540 Mus.
670 486 746 541 sione
766 509 783 559 y
804 486 943 558 congruit,
965 485 1124 557 explicatur.
1160 483 1207 537 via

118 549 276 632 XXliVIll
293 501 439 620 iad-347)
459 553 652 624 pleniore-dis·
671 559 777 624 autem,
810 571 866 625 qua
901 570 962 608 eam
989 553 1206 608 transformatio-

138 625 275 688 utatrone,
316 637 370 675 uae
393 627 505 675 externo
529 622 652 677 codicum
671 639 734 677 nem
750 639 924 694 progressam
938 639 998 677 esse
1014 627 1150 694 putemus,
1165 620 1206 673 fa·

118 637 216 768 Habitu
228 692 256 742 et
265 636 477 743 didascaliarum
486 690 593 744 ratione
605 707 652 761 po·
672 691 724 745 cile
735 696 822 762 patet,
838 691 862 745 si
875 691 1087 758 consideramus,
1104 693 1207 759 quanto

67 800 70 808 .
118 759 253 810 trssrmum
266 756 363 810 nititur
373 756 477 812 Donati
495 758 653 813 commentis
672 775 754 830 opere
765 759 826 831 ipse
838 759 988 814 Bembinus
999 774 1017 812 a
1027 757 1133 813 recenti
1148 773 1206 812 cor-

119 823 200 877 simul
222 824 252 878 in
280 825 411 879 auxilium
432 826 551 896 vocatis,
579 825 654 881 idem
671 833 870 896 reetaretsaec.
883 827 958 895 XV),
976 827 1024 897 qui
1036 824 1207 897 Calliopiano

120 893 299 962 comprobare
327 894 439 948 studuit.
476 900 559 966 atque
585 895 653 949 duas
672 896 765 964 aliquo
777 896 1006 961 codiceusnsest,
1018 895 1149 962 radendo,
1162 910 1206 948 ex·

117 960 189 1041 illas,
205 978 276 1031 quae
293 959 422 1032 calliopii
437 979 536 1018 nomen
553 962 653 1032 ferunt,
672 964 835 1086 pungendo,
859 963 1101 1036 superscribendo,
1124 963 1207 1016 cerri·

118 1027 239 1082 famrlias
252 1030 360 1084 diversa
373 1030 478 1086 ratione
490 1031 599 1086 fabulas
611 1048 653 1085 or·
692 1049 726 1086 en
747 1048 763 1086 o
785 1037 905 1087 mutatus
933 1032 969 1086 sit
992 1034 1027 1097 (v.
1052 1029 1147 1102 Umpf.
1176 1048 1205 1100 p.

120 1097 233 1178 dinandi
248 1099 368 1153 -alter
384 1100 451 1153 ordo
467 1099 506 1166 (in
520 1100 546 1169 d)
557 1100 654 1170 alpha·
671 1050 786 1170 ilisa).
819 1101 894 1154 idem
910 1100 933 1154 si
950 1098 1114 1170 compluries
1131 1099 1206 1152 dein-

118 1164 226 1220 betrcus
247 1172 301 1233 est,
323 1167 394 1222 alter
414 1169 454 1234 (in
472 1171 500 1241 y)
521 1184 554 1222 ex
574 1173 654 1238 parte
672 1185 737 1238 ceps
750 1169 894 1237 evenisset,
906 1169 991 1223 multo
1001 1168 1084 1222 etiam
1096 1166 1206 1239 saepius

118 1233 327 1305 chronologicus
350 1267 384 1276 —
408 1240 491 1305 atque
515 1252 557 1305 eo,
581 1236 754 1306 quodquam
774 1253 847 1290 nunc
868 1236 984 1306 pristina
1004 1236 1140 1306 scriptura
1160 1235 1206 1288 de·

120 1302 209 1356 altera
231 1307 338 1356 tantum
361 1306 400 1424 (γὲ
419 1304 534 1375 picturis
558 1309 654 1358 ornata
672 1306 728 1358 leta
741 1304 929 1374 Calliopianae
940 1304 1094 1359 recensioni
1110 1302 1207 1357 similis

119 1375 204 1437 esset,
232 1370 305 1425 inter
328 1387 358 1425 se
401 1370 495 1426 istare'
509 1377 584 1426 recte
608 1372 752 1427 delectio
774 1372 920 1441 extitisset3
943 1389 1007 1426 nam
1027 1388 1125 1426 nomen
1148 1371 1207 1425 eius

118 1443 284 1493 monstrasse
316 1439 384 1493 mihi
410 1440 532 1509 videtur,
563 1439 592 1493 in
621 1456 653 1493 eo
672 1441 841 1495 noudumin
865 1441 954 1509 ipsam
978 1439 1207 1510 subscriptionem

119 1512 220 1575 autem,
234 1509 307 1628 qsu⁰d
319 1512 403 1578 eaput
415 1513 464 1577 est,
477 1525 531 1562 nen
540 1524 654 1590 possum
672 1509 815 1579 irrepsisse
826 1508 939 1562 fortuite
956 1510 1044 1580 magis
1057 1525 1138 1578 quam
1156 1525 1206 1578 pu-

118 1591 181 1629 cum
194 1590 226 1629 eo
255 1591 344 1630 acere.
381 1576 488 1630 duobus
503 1592 575 1630 emm
592 1593 653 1630 een·
672 1579 738 1631 dore
762 1577 870 1632 librarii
898 1576 1001 1631 factum
1026 1592 1086 1630 esse
1115 1575 1206 1636 existi-

119 1642 277 1698 soribusita
288 1643 506 1714 nobisopusest‚
520 1642 654 1714 Calliopio
673 1661 786 1700 mamus.
814 1651 898 1714 atque
919 1645 1028 1699 codices
1047 1643 1169 1698 familiae
1190 1642 1207 1695 δ

119 1716 149 1766 et
168 1711 223 1765 alio
243 1711 302 1765 viro
326 1713 505 1782 grammatico
528 1718 655 1782 posterae
672 1713 755 1785 ipsos,
768 1728 822 1783 quo
830 1712 993 1767 vetustiores
1003 1713 1065 1779 sint,
1075 1729 1107 1766 eo
1117 1713 1206 1782 magis

118 1780 228 1848 aetatis,
249 1781 325 1834 euius
342 1796 441 1835 nomen
457 1786 506 1834 aut
520 1795 654 1849 nusquam
673 1798 691 1836 a
713 1787 865 1836 ceterorum
889 1779 1120 1851 Calliopianorum
1143 1795 1206 1834 eon·

118 1849 266 1903 memoriae
275 1849 407 1903 traditum
416 1865 477 1903 esse
486 1855 534 1903 aut
565 1866 655 1904 rorsus
673 1865 754 1904 sensu
764 1850 896 1904 recedere
904 1849 1037 1916 videmus,
1050 1853 1079 1902 et
1087 1848 1207 1902 secunda

120 1916 286 1971 ecodieibus
295 1918 438 1971 evanuisse
447 1922 534 1987 pntan
554 1935 600 1971 um
610 1917 653 1971 sit.
672 1918 833 1988 plerumque
849 1934 946 1971 manus
962 1916 991 1969 in
1007 1917 1048 1970 eis
1060 1914 1206 1986 Galliopia·

120 1985 194 2066 quod
213 2000 278 2038 vero
336 1985 412 2039 avius
433 1991 484 2054 est,
507 1985 655 2056 permirum
672 2001 768 2040 norum
780 1985 912 2040 lectiones
924 1985 1064 2040 addidisse
1075 1984 1206 2053 refertum

120 2056 164 2120 sit,
185 2052 209 2106 si
229 2052 276 2107 ille
292 2058 363 2108 ater
383 2053 586 2124 grammaticus,
608 2053 654 2134 qui
673 2055 793 2135 denique
803 2054 838 2107 ab
847 2053 940 2108 indole
948 2052 1122 2106 librariorum
1132 2052 1207 2106 illius

120 2136 153 2174 ex
162 2125 270 2174 vetusto
282 2123 377 2177 codiee
388 2122 489 2177 tradito
502 2122 654 2176 comoedia·
672 2128 772 2177 aetatis
783 2123 931 2176 abhorrere
948 2127 1015 2191 puto
1032 2120 1139 2175 codices
1151 2121 1207 2174 iam

119 2206 180 2242 rum
200 2189 290 2243 ordini
310 2191 395 2244 alium
411 2190 553 2245 substituit
570 2195 598 2244 et
613 2189 653 2243 in·
672 2206 799 2246 recenses
822 2195 851 2245 et
874 2190 912 2244 ad
940 2189 1065 2260 exempla
1092 2188 1206 2243 alieuius

119 2257 654 2381 taltbtlitiutlffiatl
672 2257 1206 2395 {ltllatttttibittifitt

120 2366 319 2462 emendaverit,
349 2394 399 2448 sed
418 2395 510 2465 potins
535 2411 585 2464 pro
611 2411 653 2448 ar·
672 2343 1206 2466 dorumquepienoeodicevariisleetio·

119 2462 224 2515 bitratu
254 2463 401 2518 mutaverit
430 2468 458 2516 et
492 2463 653 2533 corruperit.
672 2464 753 2517 nibus
766 2478 887 2518 onerare.

119 2529 224 2584 Donati
239 2536 331 2585 autem
352 2530 519 2600 commentis,
541 2546 654 2601 quorum
705 2531 785 2585 Haec
812 2531 898 2602 igitur
924 2547 1007 2600 quam
1034 2527 1207 2599 exposuimus

119 2598 190 2652 ratio
202 2614 237 2652 ac
251 2599 377 2653 condicio
392 2599 513 2652 nondum
529 2598 597 2653 satis
610 2615 654 2653 ex·
672 2599 742 2654 ratio
762 2599 895 2653 librorum
914 2598 1050 2652 manuscri
1072 2602 1160 2651 terum
1176 2598 1206 2651 in

119 2666 228 2788 plorata
249 2667 294 2721 vel
316 2667 453 2722 illustrata
477 2672 527 2735 est,
549 2666 579 2720 in
601 2667 654 2722 hae
672 2668 845 2724 recensendis
878 2666 981 2721 fabulis
1011 2616 1090 2720 nuliis
1121 2666 1206 2735 respi-

131 2734 237 2816 pbriea·
247 2735 406 2817 quaestione
425 2736 467 2789 uti
488 2735 653 2817 dubitamus.
672 2736 770 2790 cienda
786 2735 1011 2803 observantiaque
1028 2734 1088 2814 erit.
1128 2733 1206 2815 nimi-

120 2803 654 2939 idiiiliigimiiiriiii'ibiuiiii
671 2809 848 2941 limittit?
865 2819 936 2942 liis
952 2801 1064 2940 {tiit
1081 2803 1207 2923 lidda

120 2939 265 3007 quodiam
281 2945 364 2995 antea
380 2940 521 3005 (dennis.
536 2941 655 3011 Zeituug
673 2940 843 3011 discrepant,
879 2939 1027 3010 diligenter
1061 2937 1206 3008 pensitatis

121 3008 189 3062 1879
208 3025 237 3078 p.
250 3008 311 3076 122)
326 3007 559 3080 significaveram,
576 3008 654 3063 nobis
672 3026 755 3062 unam
767 3009 916 3062 alteramve
928 3007 1040 3078 eligere,
1053 3008 1102 3060 sed
1112 3023 1206 3077 saepe-

120 3076 317 3196 persuademus
328 3082 439 3147 praeter
449 3076 614 3131 Bembinum
628 3082 655 3130 et
672 3093 784 3131 numero
802 3076 847 3131 vel
870 3076 1066 3131 sententiarum
1089 3091 1207 3130 conexus

145 3143 653 3214 alliopiirecensionemtertiumquen·
672 3145 716 3200 vel
750 3162 815 3199 usus
849 3145 980 3216 loquendi
1014 3143 1206 3212 Terentianus,

123 3212 186 3266 dem
202 3215 315 3281 fontem,
336 3229 353 3266 a
369 3213 512 3281 Bembino,
531 3213 604 3283 quod
619 3215 653 3266 ad
672 3213 869 3284 grammaticae
884 3213 929 3266 vel
942 3212 1060 3281 denique
1076 3211 1207 3265 metricae

42 3300 44 3304 ·
120 3286 225 3334 textum
245 3281 357 3350 attinet,
377 3281 461 3352 paulo
481 3281 594 3352 propius
615 3280 653 3335 di·
673 3282 878 3352 rhythmicaere
894 3280 1014 3334 rationes
1030 3296 1080 3333 nos
1096 3285 1207 3350 cogunt,

121 3354 248 3418 stantem,
264 3349 344 3404 nobis
361 3350 565 3420 agnoscendum
582 3365 654 3404 esse:
672 3355 703 3403 ut
714 3365 732 3403 a
742 3349 845 3403 tradita
856 3349 993 3420 scriptura
1007 3348 1167 3402 recedamus
1180 3355 1208 3402 et

119 3416 654 3484 undeVictorianifamiliamitafluxisse,
673 3423 770 3488 aperta
789 3418 890 3472 menda
910 3416 1088 3471 coniectando
1109 3433 1206 3472 sanare

121 3490 152 3539 ut
164 3483 292 3556 Calliopii
306 3486 429 3540 recensio
445 3486 528 3556 vulgo
542 3491 656 3556 recepta
673 3487 839 3541 studeamus.
854 3485 945 3555 quain
954 3501 984 3538 re
993 3501 1055 3538 eum
1063 3484 1143 3539 multi
1151 3484 1207 3538 iam

120 3553 258 3625 gradatim
270 3554 360 3625 magis
375 3554 404 3608 in
422 3571 483 3608 eam
500 3559 656 3624 penetraret
673 3554 725 3608 viri
746 3553 819 3608 docti
839 3553 1005 3620 sudaverint,
1025 3568 1092 3622 quos
1113 3569 1207 3606 omnes

120 3621 292 3691 maximeque
303 3627 381 3675 textu
393 3639 459 3676 exae
480 3628 544 3677 uate
555 3622 600 3675 vel
608 3638 655 3676 no·
673 3623 716 3677 vel
738 3622 884 3692 plerosque
908 3636 1067 3675 enumerare
1093 3621 1207 3691 longum

120 3706 183 3743 men
199 3707 277 3743 suum
298 3690 378 3744 alteri
397 3639 521 3744 famiiiae
537 3690 654 3745 inderet.
674 3696 756 3760 atque
784 3706 801 3744 a
828 3689 941 3744 consilio
969 3688 1050 3742 huius
1078 3689 1207 3743 editionis

120 3757 160 3811 ita
170 3758 310 3828 aptissime
321 3764 349 3812 et
357 3758 506 3813 similitudo
515 3758 572 3827 illa,
585 3773 656 3827 quae
674 3759 792 3812 alienum
805 3763 855 3825 est,
871 3763 930 3810 tum
941 3757 996 3810 duo
1009 3756 1127 3811 editores
1140 3775 1206 3827 prae

121 3824 382 3881 estfamiliaeieum
391 3826 526 3880 Bembina
535 3827 655 3893 codieel,
674 3826 772 3880 ceteris
785 3827 819 3880 de
831 3831 923 3879 nostro
955 3830 1017 3880 oeta
1028 3825 1100 3879 bene
1115 3826 1207 3879 meriti

673 3899 748 3948 sunt:
767 3896 910 3948 Bentleium
932 3843 994 3948 dieo
1014 3893 1132 3964 primum
1152 3895 1210 3955 ted(

147 3998 160 4038 a
174 3997 242 4041 vesus
250 3998 332 4039 nesus.
344 4000 383 4042 sss
392 3997 466 4043 san1
480 3999 588 4041 exarasse
601 3999 657 4050 quoa
673 3961 1207 4045 T⁶¹·.⁰²²¹¹t⁸brigi.a⁰¹7²⁶.etmihi·

120 4057 233 4102 septas-3
242 4047 275 4093 Di
284 4061 394 4103 superser.
403 4050 463 4102 stola·
471 4049 589 4106 Ebyquod
596 4050 653 4094 oola.
672 4033 746 4088 daml
757 4031 844 4102 1727),
859 4048 907 4104 (1¹¹¹
919 4049 981 4088 eum
992 4048 1036 4086 ”a
1048 4048 1081 4086 ²²⁰
1092 4037 1206 4102 ratlo¹¹02
