2602 4432
187 221 230 290 64
425 187 612 300 unsaros
629 239 908 302 rmosvuunos
1136 243 1208 315 na

186 359 240 426 Sr.
265 361 379 429 Mane:
397 362 458 430 hoc
471 365 558 450 quod
570 365 659 452 coepi
671 367 809 452 primum
822 389 976 444 enarrem,
991 364 1150 452 Clitipho:

268 455 348 523 Post
363 459 445 525 istuc
462 460 599 525 ueniam.
631 458 719 526 Cnrr.
741 459 892 546 Propera.
922 460 977 527 Sr.
999 462 1070 526 Iam
1087 461 1153 546 pri·

606 577 694 619 mum
712 556 863 631 omnium,

115 657 167 711 275
268 645 335 712 Vbi
351 648 482 712 uentum
500 648 541 712 ad
558 649 644 713 aedis
662 650 720 726 est,
736 647 859 714 Dromo
877 651 979 734 pultat
996 649 1081 716 fores
1086 675 1095 728 ;

268 741 361 804 Anus
386 742 543 824 quaedam
568 742 687 827 prodit3
713 742 792 807 haec
817 742 873 807 ubi
899 744 999 829 aperit
1023 744 1151 820 ostium,
1164 758 1191 800 ³5

268 831 428 899 Continuo
445 835 497 901 hio
514 858 549 901 se
566 837 700 902 coniicit
716 836 809 912 intro,
828 859 888 923 ego
906 839 1097 920 consequor3

267 929 360 992 Anus
377 928 499 994 foribus
517 929 606 994 obdit
622 931 795 1015 pessulum,
814 931 856 995 ad
871 932 976 996 lanam
993 931 1085 997 redit

265 1022 330 1087 Hic
347 1023 419 1086 sciri
436 1022 538 1107 potuit
554 1023 610 1088 adt
626 1044 784 1107 nusquam
801 1024 887 1102 alibi,
905 1023 1021 1102 Clinia,

265 1112 339 1196 Quo
357 1116 461 1180 studio
478 1117 578 1181 uitam
595 1120 687 1182 suim
703 1129 735 1182 te
753 1118 883 1183 absente
900 1118 1050 1205 exegerit,

265 1208 331 1274 Vbi
348 1209 388 1273 de
404 1210 597 1295 inprouisost
613 1213 826 1277 interuentum
845 1212 978 1277 mulieri.
1162 1227 1190 1270 ιο

263 1301 348 1366 Nam
365 1326 404 1368 ea
421 1306 471 1368 res
488 1303 576 1369 dedit
594 1315 663 1368 tum
680 1305 891 1370 existumandi
908 1306 1034 1391 copiam

265 1393 464 1462 Cottidianae
481 1400 568 1462 uitae
585 1399 856 1476 eonsuetirdinem,

263 1488 358 1572 Quae
367 1493 544 1574 quoiusque
557 1492 721 1577 ingenium
734 1504 771 1557 ut
782 1495 824 1557 sit
836 1493 976 1558 declarat
987 1495 1148 1557 mixume.

262 1584 440 1650 Texdutem
456 1586 553 1650 telam
571 1587 710 1652 stddiose
726 1588 830 1672 ipsam
847 1587 1048 1664 offendimus,

261 1677 466 1744 Mediocriter
482 1682 629 1744 uestitum
647 1691 736 1745 ueste
753 1681 882 1766 lignbri
1161 1697 1189 1739 ⁴5

261 1772 357 1854 (Eius
374 1774 465 1838 inuis
483 1795 579 1839 eausa
596 1777 709 1860 opinor
724 1796 807 1858 quae
824 1786 892 1839 erat
906 1776 1055 1856 mortua),

261 1864 340 1933 Sine
366 1869 457 1945 adro3
484 1878 553 1932 turn
578 1880 723 1932 ornatam
747 1870 793 1933 lta
817 1869 865 1932 uti
886 1889 969 1952 quae
994 1869 1148 1933 ornantdr

601 1962 672 2039 sibi,

259 2055 358 2120 Nulla
374 2056 459 2120 mala
474 2078 510 2121 re
526 2079 560 2121 os
578 2056 751 2140 dxpolitam
767 2055 928 2133 mirlieb1i3

107 2200 123 2216 .
261 2148 405 2235 Capillus
421 2172 533 2236 pexus,
550 2150 670 2235 prolixe
686 2149 804 2214 choum
822 2161 919 2235 caput

260 2244 420 2321 Reiectus,
441 2244 656 2328 neclegdnter‚
677 2265 751 2328 pax.
786 2241 876 2308 Cum.
904 2240 987 2327 Syre
1008 2241 1065 2319 mi,
1086 2242 1146 2306 db-
1158 2260 1187 2302 ro

599 2358 699 2413 seem,

257 2431 309 2496 Ne
325 2454 378 2496 me
393 2433 428 2495 in
444 2431 596 2496 laetitiam
613 2431 731 2495 fristra
747 2429 893 2494 ooniciia
938 2428 994 2494 Su.
1016 2429 1112 2495 Anus

259 2525 433 2592 Subtdmen
451 2524 557 2590 nebat
575 2526 740 2610 praeterea
755 2545 820 2587 una
837 2523 985 2588 ancillula

259 2618 354 2696 Erat3
370 2622 410 2684 da
426 2619 556 2684 texebat
571 2619 647 2695 tina,
664 2617 778 2703 pannis
795 2616 908 2694 obsita,

140 2729 153 2741 ’
257 2713 419 2791 Neclecta,
445 2712 598 2777 inmunda
617 2711 747 2775 inluuie.
782 2708 871 2775 Cm.
898 2709 936 2775 Si
956 2709 1035 2775 haec
1056 2722 1144 2789 sunt,

598 2805 713 2881 Clinia,

257 2903 354 2978 Vera,
370 2904 416 2966 ita
432 2902 479 2965 uti
496 2901 601 2976 eredo,
620 2902 692 2984 quis
708 2910 741 2962 te
757 2912 806 2963 est
822 2897 1029 2961 fortunitior?
1153 2917 1183 2960 as

257 2995 345 3071 Scin,
362 2996 446 3060 hino
461 3017 558 3079 qnam
575 2994 652 3058 dicit
668 2992 862 3057 sordidatam
878 3005 910 3055 et
926 2991 1096 3069 mnium,

254 3091 414 3176 Mnovnum
439 3089 501 3155 hoe
525 3109 654 3174 quoqne
680 3088 852 3172 signumst‚
878 3084 1040 3150 dominam
1068 3109 1141 3152 eme

594 3196 685 3247 extra
699 3180 840 3255 noxiam,

256 3278 363 3360 Quom
381 3279 450 3343 eius
465 3292 532 3343 tam
547 3277 757 3361 neclegdntnr
771 3272 966 3337 internuntii.

100 3384 154 3438 31]
254 3372 339 3436 Nam
356 3373 551 3458 disciplinast
569 3373 615 3434 eis
631 3367 866 3434 demunenin‘er

254 3466 397 3531 Ancillas
413 3466 561 3552 primum,
578 3463 621 3528 nd
632 3462 777 3528 dominas
788 3460 844 3546 qui
860 3460 1019 3524 adfectius
1036 3459 1135 3524 uiam.
1149 3482 1179 3521 es

169 3558 259 3625 em.
275 3558 392 3646 Perge,
409 3560 542 3625 oboecro
558 3570 601 3634 te,
617 3572 649 3623 et
666 3559 745 3622 ciue
760 3577 802 3619 ue
817 3555 931 3617 falsam
947 3552 1083 3637 gundum

253 3652 391 3718 Studeis
407 3653 496 3718 inire
518 3652 598 3736 quid
613 3661 669 3727 ait,
685 3649 743 3713 ubi
758 3670 810 3713 me
826 3645 990 3713 nominas?

169 3745 225 3812 Su.
250 3746 317 3813 vbi
332 3747 467 3812 dicimus
484 3748 603 3812 redime
619 3758 652 3810 te
668 3756 702 3809 et
716 3744 829 3826 rogim
845 3741 894 3804 uti

99 3855 152 3908 &ts
251 3840 383 3906 Veniret
400 3841 443 3905 ad
458 3858 501 3918 te,
517 3839 633 3904 nullior
647 3837 743 3902 telam
761 3834 874 3898 desint

252 3931 415 3999 Continuo
430 3952 462 3999 et
479 3932 629 4000 lacrumis
645 3931 752 4016 opplet
768 3950 806 3991 os
822 3928 924 3990 totr'rm
940 3925 1013 4001 sdbi,
1146 3946 1177 3989 ις

250 4027 296 4093 Vt
313 4027 407 4093 fenile
424 4029 520 4094 scires
536 4025 693 4091 disiderio
709 4023 743 4086 id
759 4021 839 4084 lieri.
