2602 4432
536 224 742 288 EVNVGHVS

411 446 612 513 Caranus
672 447 866 512 Auurnno

392 553 624 598 nnvnnsonnrus
751 555 774 595 11

104 634 224 703 111‚⁶Cn.
244 636 330 701 Nem
346 636 418 720 quis
436 636 487 701 hio
505 635 571 701 est?
588 634 721 700 nemost.
748 631 909 715 numquis
925 631 1061 698 bineme
1076 654 1125 696 se-

581 728 706 813 quitur?
727 729 821 793 nemo
839 726 973 790 homost.
1191 784 1193 791 .

240 824 351 888 Iemne
369 845 533 908 erumpere
550 823 611 888 hdo
628 822 702 887 licet
720 821 763 885 mi
780 819 952 908 gandium?
972 842 1030 905 pro
1049 820 1124 905 Itip-
1142 828 1194 884 550

579 917 670 1001 piter,

240 1010 334 1076 Nuno
351 1013 399 1076 est
416 1010 569 1096 profecto,
587 1008 721 1075 interfici
734 1030 831 1093 quom
848 1006 971 1094 perpeti
984 1030 1035 1072 me
1052 1006 1126 1093 pes·

161 1166 163 1170 Α
579 1127 659 1181 sum,

72 1238 83 1276 ,
240 1197 289 1264 Ne
324 1197 385 1263 hoo
420 1198 573 1284 gandium
606 1196 797 1262 oonteminet
826 1195 894 1260 uita
928 1194 1124 1283 aegritudine

579 1291 697 1375 eliqua.

129 1401 143 1444 ὃ
241 1385 307 1452 Sed
324 1385 524 1451 neminemne
548 1385 707 1449 curiosum
724 1382 915 1448 interuenire
934 1383 1020 1448 nimo
1037 1382 1124 1459 mihi,

240 1479 305 1561 Qui
336 1482 386 1544 me
418 1490 568 1563 sequatur
595 1480 723 1562 quoquo
754 1500 839 1554 eam,
871 1477 1038 1562 rogitendo
1069 1478 1126 1541 ob-

579 1572 702 1650 tundat,
720 1571 833 1648 enicet,

239 1666 327 1747 Quid
348 1667 483 1753 gestiam
506 1677 561 1732 aut
584 1665 660 1750 quid
682 1666 784 1730 laetus
806 1665 876 1742 sim,
897 1685 961 1749 quo
982 1666 1124 1750 pergam,
1142 1675 1195 1733 555

579 1760 666 1825 unde
683 1782 854 1845 emergam,
873 1758 929 1822 ubi
948 1758 1025 1823 siem

239 1855 399 1921 Vestitum
416 1853 502 1920 huno
518 1866 663 1932 nanetus,
685 1853 762 1938 quid
781 1853 824 1917 mi
847 1874 1007 1936 quaeram,
1030 1856 1125 1918 senus

579 1948 638 2012 sim
656 1970 738 2012 anne
755 1946 924 2011 inseniami

154 2043 217 2108 Au.
242 2041 348 2106 Adibo
375 2053 470 2125 atque
496 2041 538 2106 ab
565 2062 602 2106 eo
629 2040 763 2126 gretiam
789 2040 881 2118 hano,
908 2061 1003 2124 quam
1030 2041 1124 2106 uideo

578 2136 671 2210 uelle,
688 2136 784 2200 inibo.

116 2251 141 2292 ro
240 2230 394 2309 Chaerea,
417 2231 495 2316 quid
513 2241 561 2296 est
578 2231 666 2314 qudd
687 2231 732 2295 sio
753 2231 870 2316 gestis?
895 2231 972 2316 quid
993 2231 1055 2297 sibi
1072 2232 1124 2298 hio

559 2365 562 2371 ·
578 2326 711 2390 uestitus
730 2325 871 2408 quaerit?

240 2417 328 2501 Quid
354 2419 509 2504 estquod
534 2419 636 2484 laetus
663 2419 716 2483 es?
742 2418 819 2502 quid
844 2419 903 2484 tibi
928 2420 997 2484 uis?
1023 2420 1124 2485 satine

578 2511 703 2577 sanu’s?
724 2513 800 2596 quid
818 2536 869 2578 me
887 2514 1071 2598 adspectas⁹

239 2607 326 2688 Quid
337 2608 442 2673 taces?
467 2605 604 2690 (311.γο
619 2607 718 2672 festbs
732 2607 798 2672 dies
813 2606 992 2694 [hominis]1
1012 2611 1122 2687 amice,
1140 2618 1191 2676 560

441 2763 443 2768 .
578 2699 679 2767 saluei
699 2701 853 2765 hominum
871 2703 1003 2767 emnium

237 2794 380 2874 Nemdst,
391 2817 486 2879 quem
499 2817 559 2882 ego
572 2793 721 2859 nunciem
736 2795 837 2881 magis
851 2798 999 2882 cuperem
1013 2797 1122 2864 uidere

577 2891 673 2974 quem
691 2900 731 2955 te.

154 2986 216 3050 An.
238 2984 341 3049 Narra
363 2985 445 3048 istuo
467 3005 586 3068 quaeso
608 2982 685 3066 quid
708 2982 758 3047 sit.
803 2981 863 3048 Cn.
881 2984 985 3049 Immo
1007 3008 1068 3071 ego
1090 2998 1121 3052 te

576 3077 706 3142 ebsecro
725 3076 830 3141 berole
848 3088 883 3141 ut
901 3078 1021 3144 aridius.

116 3188 141 3230 n
237 3169 351 3237 Nostin
366 3171 458 3249 hano,
469 3194 565 3257 quam
580 3182 665 3236 amat
678 3171 793 3235 freter?
811 3172 873 3236 Au.
884 3171 982 3238 Noui:
996 3176 1120 3260 nempe,

578 3265 699 3351 opinor,
717 3263 883 3330 Tbeidem.

154 3354 213 3420 Cu.
237 3359 335 3422 Istam
349 3359 461 3444 ipsam.
485 3360 547 3425 Au.
563 3359 618 3425 Sio
633 3351 918 3424 commemineram.
942 3359 1123 3443 OmQuao-

578 3452 650 3518 dam
668 3452 762 3518 bddie
781 3465 829 3518 est
847 3454 876 3518 ei
894 3455 975 3519 done
992 3456 1067 3521 data

238 3545 353 3632 Virgo:
372 3547 449 3631 quid
468 3569 528 3634 ego
547 3546 614 3612 eius
632 3548 689 3612 tibi
707 3570 791 3613 nuno
808 3548 923 3613 faoiem
941 3552 1121 3635 praedicem
1138 3561 1190 3615 565

576 3653 632 3706 aut
648 3642 785 3720 laudem,
803 3623 957 3728 Antipho,

239 3731 345 3815 Quom
371 3735 457 3821 ipsine
484 3759 535 3801 me
561 3735 646 3800 noris
672 3758 767 3820 quam
793 3737 921 3824 elegans
948 3739 1121 3805 formerum

575 3831 731 3915 spectator
749 3831 846 3895 siem?

238 3921 277 3984 Iu
295 3921 354 3986 heo
373 3936 548 3989 commotus
567 3948 646 3990 sum.
675 3926 736 3991 Au.
746 3926 812 3989 Ain
830 3926 883 3990 tu?
910 3925 1121 3996 CmPrimam

577 4018 672 4094 dices,
691 4019 766 4097 seio,
785 4018 811 4083 si
830 4021 956 4088 uideris.
