2602 4432
169 224 211 294 68
411 235 598 298 HEAVTON
615 234 893 298 ‘rmouvumos
1122 234 1191 310 11,4

126 442 128 446 .
252 363 472 448 Minumeque,
485 363 530 428 ita
541 383 593 427 me
607 361 640 426 u
652 371 769 439 ament,
783 361 879 426 miror
891 363 919 427 si
932 370 963 427 te
976 359 1041 427 sibi
1051 359 1141 447 quis·

591 476 653 540 que
671 455 800 540 expetit.

253 551 337 616 Nem
360 550 446 627 mihi,
469 550 562 634 quale
583 549 746 635 ingenium
769 549 916 626 haberes,
937 547 999 615 fuit
1020 548 1139 614 indicio

590 642 704 707 ordtioz

100 732 151 801 385
253 720 296 803 Et
323 759 418 822 quom
445 747 570 825 egomet
596 760 681 803 nune
706 739 832 802 meeum
853 736 886 802 in
908 736 1014 802 animo
1037 739 1138 802 uitam
1162 753 1176 797 r

268 904 275 926 1
589 842 678 895 tuam
695 832 858 897 considero

254 925 472 1008 Omniumque
494 925 573 989 aded
596 935 784 1003 nostrerum,
807 926 921 1010 udlgus
943 946 1025 1009 quae
1043 923 1085 989 ab
1103 945 1138 989 se

591 1020 770 1104 segregant,

252 1095 297 1177 Et
322 1135 380 1177 uos
408 1135 476 1177 esse
502 1110 592 1177 istius
618 1111 704 1176 modi
731 1123 763 1177 et
783 1135 841 1177 nos
863 1114 927 1177 ndu
954 1133 1023 1178 esse
1049 1109 1138 1176 haud

592 1204 774 1270 mirtbilest.

251 1298 335 1363 Nam
359 1299 486 1385 expedit
508 1299 608 1363 bonne
628 1301 698 1364 esse
719 1298 825 1376 uobis3
852 1300 921 1376 nde,
947 1297 1139 1382 quibuscum

591 1404 639 1458 est
656 1415 717 1471 res,
735 1395 800 1458 ndu
818 1393 939 1458 sinunt:

254 1486 382 1573 Quippe
409 1488 511 1552 forma
536 1487 653 1573 inpulsi
677 1497 785 1553 nostre
815 1489 873 1553 nds
899 1488 1056 1552 amatores
1083 1507 1138 1552 eo·

589 1581 673 1658 lunt3

98 1683 149 1736 390
252 1675 344 1739 Haec
361 1674 417 1739 ubi
435 1674 628 1752 inmindtast,
649 1674 695 1738 illi
712 1676 803 1741 sdom
821 1674 961 1740 animum
980 1674 1042 1740 alio
1058 1675 1179 1740 edu-1⁰
1198 1718 1204 1725 ·

589 1768 711 1834 ferunt:
1166 1816 1169 1820 ι

251 1861 321 1926 Nisi
344 1861 369 1926 si
393 1872 595 1948 prospectum
615 1864 736 1928 interea
757 1861 876 1947 aliquid
902 1863 965 1940 est,
992 1862 1136 1928 desertae

591 1957 739 2022 uiuimus.

252 2050 354 2116 deis
368 2071 441 2115 cum
454 2072 517 2114 uno
527 2051 623 2116 semel
633 2050 688 2115 ubi
697 2059 832 2115 aetatem
841 2051 936 2135 dgere
946 2049 1138 2115 decretumst

590 2166 670 2221 uuo,

253 2236 377 2317 Quoius
395 2259 463 2302 mos
481 2239 659 2302 maxumdst
681 2235 849 2302 consimilis
870 2237 1025 2315 udstrum,
1046 2235 1080 2301 hi
1101 2260 1136 2304 se

593 2331 634 2395 ad
651 2352 710 2395 uos
728 2329 897 2415 ddplicant.

252 2426 327 2490 Hde
348 2425 502 2491 beneficio
522 2426 648 2509 utrique
672 2425 713 2489 ab
735 2424 876 2507 utrisque
897 2426 974 2489 udro
996 2423 1136 2490 deuinci-

591 2542 678 2595 mmr,
1118 2580 1121 2585 .

100 2623 151 2677 305
254 2593 298 2678 Vt
323 2633 498 2696 numquam
523 2613 589 2676 ullu
616 2611 715 2676 amdri
740 2621 848 2676 uostro
873 2610 1011 2676 incidere
1036 2611 1137 2697 possit
1149 2630 1179 2674 15

593 2705 762 2769 cdlamitss.

168 2801 230 2866 Au.
253 2799 369 2864 Ndseio
400 2799 492 2864 alias:
528 2801 579 2863 me
613 2799 743 2883 quidem
772 2820 897 2883 semper
927 2799 992 2862 scio
1022 2797 1137 2864 fecisse

592 2892 711 2970 sedulo,

252 2967 298 3054 Vt
324 3010 364 3054 ex
390 2986 474 3051 illius
496 2987 662 3053 edmmodo
683 3009 790 3052 meum
812 2988 1027 3070 edmperurem
1050 2987 1137 3051 edm-

592 3081 731 3145 modum.
776 3077 834 3145 Cn.
856 3080 922 3158 Ah,

254 3175 354 3262 Ergd,
376 3198 448 3240 mea
464 3175 640 3260 Antiphila,
663 3176 698 3239 td
718 3196 804 3239 nune
825 3175 893 3238 sola
914 3174 1062 3239 reducem
1083 3197 1135 3241 me

592 3269 625 3333 in
644 3269 776 3354 patridm
793 3267 885 3345 faeis3

254 3362 338 3428 Nam
365 3362 442 3427 dum
467 3362 525 3426 tbs
551 3373 583 3427 te
609 3362 736 3439 absum,
767 3384 875 3426 omnes
906 3361 982 3425 mihi
1013 3361 1136 3427 labores

594 3455 683 3521 fuere
702 3477 781 3539 quos
799 3458 868 3541 cepi
884 3456 982 3529 leues,

100 3562 152 3615 400
254 3552 490 3634 Praeterquam
505 3550 551 3615 tui
562 3550 827 3633 uerendumquod
840 3561 916 3615 erat.
945 3548 999 3615 Sr.
1019 3546 1134 3614 Credo,
1149 3568 1176 3610 su

595 3641 651 3710 Cn.
673 3643 764 3729 Syre,
781 3643 837 3707 uix
854 3643 986 3708 sdffem:

256 3740 381 3804 Hocine
406 3761 458 3803 me
485 3738 635 3803 miserum
659 3741 724 3803 ndu
749 3737 842 3803 licere
869 3740 938 3804 med
969 3736 1062 3801 modo
1088 3736 1137 3801 in·
1197 3772 1201 3801 ι

593 3832 721 3916 genium
738 3830 814 3896 fruil

171 3927 226 3992 Sr.
258 3927 361 3990 Immo
386 3927 422 3991 tt
447 3937 569 4011 patrem
596 3937 683 3989 tuom
709 3926 775 3989 uidi
801 3948 870 3990 esse
896 3926 1052 4001 habitum,
1080 3925 1136 3990 diu

594 4018 687 4084 etiam
706 4019 801 4084 durds
820 4019 915 4086 dubit.
