2602 4432
115 571 272 788 ἰήνῃ
452 694 505 750 ΒΕ
523 695 618 753 VITA
634 692 684 750 Au
702 692 874 752 SCRIPTIS

71 830 247 910 mrem
358 853 399 930 r.
443 854 758 930 rassurr
800 816 967 931 asur

535 1023 788 1088 PRAEFATIO.

156 1221 236 1288 Quod
248 1238 331 1294 saepe
340 1222 443 1277 factum
453 1239 512 1278 csse
520 1224 653 1291 videmus,
672 1222 829 1278 Fenestella
845 1222 927 1290 (infra
938 1241 966 1294 p.
979 1224 1014 1292 3),
1032 1222 1148 1277 fortasse
1161 1220 1207 1277 vei

121 1298 153 1345 ut
171 1291 291 1344 virorum
311 1291 423 1362 ingenio
443 1297 526 1361 atque
544 1291 654 1361 scriptis
672 1297 755 1346 antea
775 1290 875 1346 Santra
896 1297 931 1360 (v.
953 1292 1029 1346 Roth
1049 1293 1067 1345 l.
1087 1296 1121 1360 c.)
1142 1308 1206 1346 oum

120 1359 270 1431 insignium
280 1364 308 1413 et
317 1360 352 1414 ob
362 1375 396 1414 ca
403 1360 520 1415 maxime
531 1360 653 1414 laudato·
672 1364 740 1414 natu
758 1361 890 1415 maiorem
910 1359 996 1415 fuisse
1018 1360 1204 1420 contenderat.

120 1445 181 1482 rum
200 1428 273 1482 vitae
293 1427 475 1498 fortunaeque
491 1427 653 1483 vicissitudi-
673 1432 703 1481 at
717 1445 807 1499 neque
822 1429 895 1484 hanc
907 1445 997 1498 neque
1008 1429 1085 1483 illam
1098 1432 1206 1482 senten·

121 1513 182 1563 nes,
206 1496 339 1564 quamdiu
357 1496 413 1550 vivi
433 1502 537 1566 essent,
560 1496 653 1568 negle-
672 1496 739 1550 tiam
748 1497 831 1551 certis
839 1496 965 1564 testibus,
978 1498 1027 1551 sed
1036 1495 1205 1550 marchomi-

121 1571 251 1635 gerentur
259 1580 349 1634 neque
358 1565 500 1619 ullomodo
506 1565 654 1620 memoriae
672 1581 737 1618 num
749 1565 890 1619 doctorum
901 1565 983 1618 inniti
997 1564 1206 1620 ratiocinatione

120 1633 305 1702 traderentur,
329 1649 346 1686 a
369 1633 529 1703 posteritate
551 1639 653 1701 tamen,
672 1632 708 1688 H.
725 1631 837 1702 Sauppe
858 1632 971 1700 (Nachr.
992 1634 1019 1686 d.
1041 1633 1117 1688 Gdtt.
1139 1631 1205 1686 Ges.

121 1718 183 1754 cum
192 1700 315 1755 homines
324 1701 652 1771 illascurarcinciperent,
673 1701 740 1754 1870
752 1719 781 1770 p.
794 1702 843 1755 111
858 1719 870 1754 s
891 1707 929 1770 q.)
939 1700 1059 1756 dilucide
1072 1701 1205 1771 exposuit.

121 1786 174 1822 non
190 1768 246 1822 iam
261 1769 306 1822 vel
323 1785 356 1822 ex
369 1784 468 1823 caecae
480 1769 653 1823 obscuritatis
672 1768 763 1858 priore
780 1768 853 1823 enirn
867 1717 915 1824 iilo
931 1785 1002 1823 anno
1018 1769 1104 1823 natali
1116 1768 1206 1839 posito

121 1836 242 1891 tenebris
257 1837 302 1891 vel
318 1853 351 1890 ex
363 1837 488 1890 diversae
503 1836 595 1891 famae
608 1854 652 1891 ru·
677 1836 834 1905 forentius,
863 1855 924 1891 cum
947 1853 972 1891 a.
997 1837 1049 1892 588
1071 1837 1206 1890 Andriam

120 1905 257 1975 morisque
273 1904 489 1958 dubitationibus
509 1905 597 1959 evolvi
612 1911 652 1959 at·
671 1905 789 1975 primam
799 1905 923 1960 fabulam
935 1905 964 1959 in
976 1904 1104 1960 scae'nam
1117 1906 1206 1975 daret,

121 1989 174 2042 que
197 1973 234 2026 ad
256 1978 348 2028 certae
371 1971 437 2026 fidei
460 1971 652 2027 confidentiam
672 1974 791 2027 nondum
824 1973 924 2045 viginti
956 1990 1042 2028 annos
1074 1973 1206 2028 habuisse

121 2041 235 2111 perduci
260 2046 385 2111 possent,
414 2040 443 2093 id
468 2041 498 2094 in
521 2040 653 2096 Terentio
672 2046 776 2112 potest3
801 2043 875 2112 quod
895 2042 1040 2096 cumaliis
1060 2043 1095 2097 de
1116 2042 1207 2097 causis

121 2125 231 2178 quoque
251 2113 335 2179 poeta
354 2125 406 2162 usu
428 2109 527 2163 evcnit.
557 2124 651 2179 quam·
672 2127 768 2179 parum
780 2110 925 2180 probabile
934 2115 985 2180 est,
997 2116 1056 2164 turn
1065 2127 1130 2164 vero
1139 2110 1206 2178 quia

121 2194 203 2247 quam
208 2177 280 2230 enim
289 2177 422 2247 singulari
430 2177 555 2232 fortunae
561 2178 653 2249 gratia
672 2183 772 2247 poetae
784 2184 876 2232 nostro
888 2179 1047 2247 adversarii,
1061 2195 1080 2232 a
1091 2194 1207 2259 quorum

50 2267 53 2274 ·
121 2245 245 2316 configit,
256 2252 288 2298 ut
298 2245 356 2298 vita
366 2245 426 2299 eius
434 2261 451 2299 a
459 2249 580 2300 Suetonio
590 2262 652 2300 con·
671 2246 755 2300 variis
763 2246 959 2368 perpetuisque
969 2247 1123 2328 opprobriis
1134 2263 1164 2302 se
1175 2247 1206 2302 in

121 2312 585 2451 tiltilllltttlttt‘lla
597 2315 652 2437 tl
672 2315 803 2437 attilii
826 2314 1205 2453 titillatttttltl.

120 2439 256 2516 rareturi,
273 2466 394 2504 necnon
410 2450 466 2504 alia
482 2451 526 2504 vel
542 2467 575 2505 cx
591 2467 652 2520 pro·
672 2451 807 2505 dedorunt
826 2454 861 2517 (v.
882 2451 946 2504 adit.
968 2467 1046 2505 meae
1064 2450 1172 2505 Teubn.
1189 2451 1204 2505 I

120 2518 191 2589 logis
208 2518 419 2588 didascaliisque
435 2518 557 2588 ipsarum
574 2518 651 2572 fabu-
672 2537 698 2589 p.
712 2519 750 2587 lt:
768 2519 954 2572 tantummodo
968 2528 1000 2572 ut
1016 2522 1124 2572 ‘nouom
1140 2536 1204 2590 poe·

120 2588 208 2640 larum
220 2586 323 2641 devita
335 2586 449 2641 Terenti
466 2587 524 2640 erui
540 2580 654 2656 possunt
671 2587 740 2642 tam'
757 2589 852 2642 ‘ueteri
867 2588 977 2656 poetae'
993 2587 1096 2641 Luscio
1112 2587 1204 2642 Lanu·

120 2655 165 2710 vel
181 2655 217 2710 ab
233 2654 296 2708 aliis
312 2655 469 2709 auctoribus
488 2655 652 2724 referuntur,
671 2656 773 2710 rinose
788 2655 928 2727 opponiti.
948 2655 993 2709 vel
1006 2657 1075 2709 illud
1089 2655 1205 2710 alicuius

121 2723 226 2777 maiora
245 2728 338 2776 tamen
359 2738 486 2794 quaeque
514 2723 573 2779 fere
598 2740 652 2778 non
672 2724 802 2778 momenti
818 2729 868 2792 est,
884 2723 997 2778 sirecte
1014 2725 1112 2790 sentio,
1133 2724 1205 2794 quod

121 2796 184 2845 sunt
196 2791 328 2845 eiusmodi
354 2797 386 2845 ut
397 2809 447 2861 pro
459 2797 535 2845 certo
548 2808 582 2846 ac
594 2791 652 2846 sine
672 2792 830 2846 ‘maliuolus
843 2798 924 2846 uetus
936 2791 1031 2862 poeta¹
1044 2792 1205 2847 Terentium

122 2859 323 2914 dubitationes
357 2859 439 2913 rmari
451 2866 562 2928 queant.
673 2866 788 2929 ‘repente
804 2860 840 2914 ad
859 2861 979 2915 studium
1000 2876 1030 2914 se
1050 2860 1205 2930 adplicassc

155 2928 198 2980 Ac
210 2927 326 2996 primum
338 2929 449 2998 quidem
465 2929 500 2982 de
512 2947 581 2981 anuo
594 2927 653 2982 eius
672 2928 817 2981 musicnm’
845 2927 992 2983 dictitabat
1016 2928 1127 2994 (Heaut.
1152 2929 1204 2995 23).

121 2997 207 3048 natali
225 2995 381 3066 ambigitur.
414 3012 486 3050 anno
506 2997 601 3050 59411.
620 3013 652 3060 c.,
672 2996 1205 3066 nequeenimquiadulescentiammodo

120 3063 139 3116 i.
162 3081 185 3117 c.
212 3065 288 3133 ‘post
307 3064 396 3117 editas
415 3082 461 3118 sca
480 3063 652 3132 comoedias,¹
672 3064 811 3134 ingressus
821 3065 989 3118 comoediam
997 3064 1206 3119 scribereausus

121 3133 241 3185 nondum
252 3132 315 3201 plus
326 3132 425 3202 viginti
436 3132 556 3201 quinque
568 3149 654 3185 annos
673 3139 723 3198 est,
733 3131 872 3201 ‘repente'
880 3131 909 3185 id
919 3131 1011 3186 facere
1019 3133 1079 3188 iure
1089 3132 1205 3202 dicatur,

121 3199 653 3270 eumnatuminisseSuetoniuchpote,
673 3200 722 3255 sed
744 3199 836 3270 potius
858 3199 882 3252 is
904 3201 953 3268 qui
973 3200 1130 3271 praeteritis
1149 3201 1207 3256 iam

121 3267 228 3334 Porcio,
241 3266 313 3334 aliis,
324 3273 356 3321 ut
366 3267 483 3336 videtur,
496 3269 654 3322 auctoribus
673 3267 751 3321 annis
773 3267 879 3338 primae
908 3267 1048 3322 scribendi
1073 3269 1204 3324 exercita·
1233 3279 1234 3282 ’

122 3334 270 3390 memoriae
287 3335 402 3389 tradit²z
419 3353 491 3390 anno
506 3337 592 3407 igitur
603 3337 654 3391 569
672 3335 755 3389 tionis
767 3336 803 3389 ad
814 3336 870 3389 tnle
883 3336 1003 3389 studium
1012 3341 1205 3409 certamenque

121 3410 202 3458 natus
223 3418 283 3456 esse
304 3405 441 3473 putandus
457 3404 501 3458 sit.
535 3405 584 3459 sed
598 3406 653 3458 iam
674 3404 781 3458 delatus
798 3408 846 3457 est.
871 3421 932 3458 cum
948 3403 1070 3474 Sauppio
1085 3404 1172 3476 igitur
1186 3407 1204 3460 l.

121 3503 294 3514 --
673 3489 696 3526 c.
713 3472 835 3525 natalem
847 3472 961 3526 Terenti
977 3490 1086 3542 annum,
1102 3475 1206 3544 quippe

147 3547 158 3585 1
172 3545 237 3584 Hanc
248 3544 363 3592 antiquam
373 3544 432 3584 vitae
442 3543 615 3592 enarrationem,
625 3555 654 3583 ne
673 3557 755 3610 quem
767 3540 927 3611 ignorarent
942 3548 1005 3611 post
1017 3542 1074 3595 eius
1087 3550 1207 3597 aetatem

121 3594 587 3694 gssffloffi'fflinffissfflffi'gussmm’
601 3596 654 3644 ’μὴ
673 3609 797 3662 homines
818 3608 900 3677 docti,
922 3627 955 3664 ex
975 3609 1047 3664 falsa
1067 3618 1206 3680 computa·

44 3718 47 3723 ·
146 3698 197 3739 ao.
209 3699 232 3737 1..
243 3698 304 3738 notu
317 3697 369 3746 (sn.
383 3699 440 3736 nus.
454 3697 496 3736 xn
510 3698 547 3737 rsa
561 3695 618 3746 sqq.)
632 3700 655 3737 es
673 3677 748 3729 tione
768 3675 888 3746 positum
903 3677 1040 3799 fixumque
1058 3694 1118 3732 esse
1134 3679 1207 3732 arbi·

121 3747 654 3799 Ritsebl(Vit'i'er.insuetudileiiiersclreld.
673 3750 789 3812 tramur3
813 3761 875 3798 (gum
899 3746 970 3799 enim
990 3747 1068 3800 llum
1089 3747 1207 3802 amicum

121 3798 438 3900 {pgffigqssoffefflssssfflg
444 3799 654 3900 ffiffssussqssssffi
674 3815 704 3867 P.
717 3815 847 3882 Scipionis
859 3815 984 3882 Africani
998 3817 1105 3868 minoris
1122 3815 1207 3870 fuisse

122 3903 219 3943 tioribus
236 3903 302 3942 libris
319 3901 456 3950 tricesimum)
468 3901 588 3951 legendum
605 3913 655 3942 esse
673 3911 845 3922 ·····-···

122 3954 246 3994 evicerunt.
277 3963 341 4003 qnam
358 3963 410 3992 uam
432 3952 547 3992 fatendum
569 3955 603 3992 est
623 3953 656 3992 111
699 3953 807 3993 tiHeaut.
824 3953 849 3994 51
863 3965 895 4004 sq.
913 3954 1031 3995 ambivius
1048 3954 1153 4004 prologus
1171 3956 1209 3996 vel

123 4005 223 4045 aeremia
236 4005 261 4054 (i.
270 4015 290 4044 e.
304 3964 360 4056 ttici
374 4003 481 4054 perfacile
495 4004 519 4045 in
532 4003 656 4046 arroasiam
675 4015 725 4044 cnm
740 4004 847 4053 despectu
860 4005 957 4054 quodam
971 4004 1101 4047 mancusios
1114 4007 1208 4051 Terenti

123 4057 220 4099 transire
228 4055 335 4109 potuisse.
674 4053 1008 4099 ut‘oduisacmtulos‘denotat.
