2602 4432
62 219 148 332 vu‚s'
507 236 715 320 nvuvcuvs'
1036 243 1099 312 115

216 386 255 451 Iu
276 385 358 452 hane
380 388 520 451 ndstram
542 387 690 472 plateam.
732 385 793 452 ΡΑ.
819 385 941 450 Mirum
962 384 996 449 ni
1016 381 1099 448 hanc

555 479 639 557 diest,
658 480 753 544 modo

216 573 302 638 Huic
320 574 402 658 quad
421 572 525 638 datast
541 572 635 637 dono.
672 571 731 637 Cu.
750 573 825 637 Hire
843 593 938 656 quom
952 569 1098 648 aduenio,
1116 577 1167 632 345

556 667 643 732 milla
662 679 738 731 erat.

93 778 119 819 ss
131 761 191 824 Pu.
216 759 357 826 Comites
375 761 477 826 seeuti
495 761 615 827 seilicet
632 774 706 825 sunt
723 760 898 847 uirginem?

132 855 193 920 Cn.
216 856 351 921 Verdm:
370 854 526 942 parasitus
546 877 620 920 eum
632 855 756 920 ducilla.
787 854 848 919 ΡΑ.
866 854 986 940 Ipsast:
1003 852 1097 917 ilicet.
1189 882 1191 886 ⁴

215 948 350 1028 Desine3
368 949 433 1014 ium
450 950 721 1014 conclamdtumst.
758 945 819 1013 Cu.
842 949 932 1012 Alias
949 950 1001 1013 res
1018 947 1097 1033 agis.

131 1041 190 1108 ΡΑ.
213 1043 301 1108 Istuc
327 1065 389 1131 ago
415 1043 573 1128 equidem.
623 1041 683 1108 Cn.
713 1042 830 1106 Ndstin
856 1062 937 1125 quae
963 1041 1022 1105 sit?
1048 1041 1099 1104 dic

509 1161 511 1164 ⁴
552 1135 640 1213 mihi,

215 1230 373 1297 Vidistin?
414 1229 475 1296 ΡΑ.
499 1230 584 1308 Vidi,
603 1229 692 1294 ndui:
712 1230 777 1295 snio
794 1251 858 1314 qun
877 1229 1013 1293 abducta
1031 1227 1081 1293 sit.
1115 1239 1167 1294 350

93 1339 119 1381 so
133 1321 193 1388 Cu.
216 1323 287 1389 Eho
305 1323 464 1390 Pdrmeno
482 1324 535 1401 mi,
554 1324 660 1389 ndstin
678 1337 708 1389 et
726 1323 787 1389 seis
804 1323 861 1387 ubi
878 1323 956 1387 siet?

131 1417 190 1484 ΡΑ.
213 1419 288 1510 Hire
306 1419 475 1484 deductust
491 1419 534 1484 dd
555 1417 751 1485 meretricem
769 1418 940 1483 Thaidem:
963 1415 993 1482 ei
1016 1415 1098 1480 doud

137 1526 139 1531 '
555 1513 669 1578 datast.

133 1602 193 1669 Cn.
218 1603 299 1688 Qus
320 1605 348 1674 is
371 1615 419 1673 est
440 1615 505 1671 tam
527 1608 639 1694 potens
662 1627 736 1671 eum
757 1615 845 1670 tanto
868 1604 998 1670 munere
1020 1603 1099 1668 hoe?

134 1754 138 1757 „
552 1700 612 1766 Pr.
634 1700 730 1764 Miles
747 1699 881 1775 Thraso,

217 1791 394 1859 Phaedriae
411 1793 529 1859 riudlis.
562 1792 622 1858 Cn.
644 1793 753 1859 Duras
770 1793 875 1858 frdtris
893 1792 991 1878 partis
1007 1794 1099 1878 prnd-

99 1923 102 1930 ·
555 1887 651 1953 dieas.

131 1982 191 2047 ΡΑ.
209 1962 313 2047 immo
330 1981 358 2048 si
375 1981 456 2048 seids
469 1971 556 2066 quod
573 1982 692 2047 donum
704 1981 779 2050 huie
796 1981 880 2047 ddno
894 1991 1003 2047 eontra
1016 2002 1098 2046 eom·
1116 1993 1168 2048 355

555 2088 655 2161 paret,

93 2187 120 2229 ss
217 2168 325 2256 Megia
347 2168 380 2235 id
403 2169 500 2236 dieas.
546 2168 606 2234 Cn.
635 2168 732 2251 Qudd
748 2192 823 2234 num
840 2190 959 2253 quaeso
977 2168 1099 2234 hercle?

555 2262 616 2328 Pu.
639 2262 842 2328 Eunuchum.
882 2260 941 2328 On
962 2262 1099 2327 Illumne

557 2357 689 2422 dbseero

73 2455 75 2460 ’
208 2432 415 2518 inhonestum
440 2450 615 2528 hominem,
642 2453 737 2536 quem
764 2461 920 2515 mercatus
948 2452 995 2515 est
1021 2450 1098 2528 heri,

66 2627 69 2634 =
221 2621 228 2641 .
555 2568 663 2611 senem
680 2544 862 2609 mulierem?

131 2641 191 2706 Pr.
213 2641 324 2704 Istune
347 2638 463 2725 ipsum.
513 2636 574 2704 Cn.
605 2640 712 2705 Homd
739 2639 899 2723 quatietur
920 2640 1004 2704 certe
1026 2660 1098 2703 eum

557 2734 640 2798 dond
658 2733 753 2798 forus.

217 2826 284 2895 de
312 2827 407 2892 istam
436 2826 593 2892 Thaiddm
624 2849 689 2891 non
719 2826 799 2891 seiui
828 2826 921 2891 ndbis
950 2826 1098 2892 uicinam.

554 2919 615 2984 Pu.
637 2920 737 2984 Hmid
754 2920 847 2985 diust.

55 3075 57 3078 ,
133 3015 192 3081 Cu.
215 3014 316 3093 Perii,
342 3035 558 3098 numquamne
583 3014 679 3079 etiam
700 3037 751 3078 me
772 3014 859 3079 illam
879 3012 1011 3079 uidisse!
1038 3014 1099 3080 eho
1116 3026 1168 3082 360

557 3108 631 3171 dum
650 3107 700 3171 dic
719 3106 810 3171 mihi:

94 3223 119 3263 ro
216 3185 326 3277 Estne,
344 3208 381 3265 ut
397 3197 508 3277 fertur,
526 3200 647 3266 fdrma?
685 3200 745 3265 Pe.
769 3200 863 3266 Sane.
906 3198 967 3266 Cn.
991 3201 1038 3265 At
1053 3203 1099 3266 nil

554 3295 595 3359 ad
607 3304 746 3358 nostram
760 3294 860 3360 hane?
881 3295 940 3360 Pu.
954 3276 1029 3360 Alia
1038 3319 1097 3360 res.

133 3388 192 3454 Cu.
215 3366 360 3453 Obsecro
377 3387 494 3465 hercle,
512 3388 682 3465 Pdrmeno,
700 3388 752 3454 fas
763 3400 800 3453 ut
812 3389 924 3475 pdtinr.
955 3384 1015 3454 ΡΑ.
1035 3390 1099 3455 Fa-

558 3483 638 3547 ciam
656 3482 781 3561 sddu103

216 3575 311 3641 Ddbo
325 3597 464 3662 operam,
480 3576 652 3641 adiuudboz
666 3599 742 3641 num
757 3576 834 3661 quid
846 3600 897 3642 me
909 3577 1014 3643 uliud?
1038 3577 1097 3644 Cn.

556 3669 630 3752 Quo
647 3692 732 3735 nune
749 3671 795 3734 is?
837 3671 897 3736 Pu.
919 3670 1072 3749 Domum,

217 3744 263 3831 Vt
280 3763 449 3849 mancupia
468 3764 556 3841 haee,
573 3767 618 3829 ita
635 3767 683 3828 uti
699 3764 791 3830 iussit
804 3765 910 3843 frdten
929 3766 1043 3832 ducam
1057 3768 1099 3832 ad

555 3858 720 3923 Thdi'dem.

135 3951 194 4022 Cu.
219 3931 468 4018 &fortunatum
493 3953 588 4016 istum
611 3953 806 4030 eunuchum,
832 3954 888 4037 qui
912 3955 1040 4039 quidem
1065 3958 1098 4022 iu
1115 3974 1167 4028 365

555 4046 637 4112 hane
655 4046 747 4112 detur
763 4046 923 4196 domum81.
