2602 4432
103 252 184 324 1v,2
568 248 718 310 ANDRIA
1081 235 1122 302 37

155 375 224 442 Mn.
244 373 347 442 Orare
372 375 476 453 iussit,
502 375 529 440 si
556 397 590 441 se
616 398 716 454 ames,
743 398 811 454 era,
837 375 901 440 iam
925 384 962 440 ut
987 374 1032 470 ad.
1054 396 1123 439 sese

264 503 267 510 ·
579 470 703 535 uenias:

128 581 144 624 s
241 563 359 631 Videre
373 572 416 629 att
430 573 461 629 te
475 564 599 649 cdpere.
632 562 693 628 Pu.
717 564 800 641 Vah,
819 564 913 649 perii:
931 563 992 629 hdc
1004 563 1123 628 malum

579 658 771 742 integrescit.
891 691 894 699 ·

111 772 114 788 ²
242 750 349 818 Sicine
374 775 426 818 me
451 745 547 837 atque
571 753 658 817 illam
684 755 781 837 opera
806 764 861 817 tua
885 774 971 817 nunc
992 754 1122 816 miseros

581 844 754 911 sollicitari!

240 939 331 1029 Nam
345 940 462 1005 idcirco
485 961 641 1018 accersor,
664 939 790 1026 nuiptias
808 940 894 1024 quod
912 940 954 1003 mi
976 939 1122 1024 adparari
1140 953 1191 1008 600

579 1033 685 1099 sensit.

157 1124 217 1191 Cn.
241 1124 367 1207 Quibus
390 1126 518 1210 quidem
540 1149 636 1212 quam
658 1128 752 1195 facile
772 1129 918 1214 pdtuerat
939 1126 1072 1211 quiesci,
1096 1127 1122 1191 si
1207 1165 1211 1173 -

168 1302 170 1307 s
580 1222 631 1286 hic
648 1220 800 1306 quiesset!

155 1312 219 1377 Dn.
237 1314 322 1400 Age,
345 1313 372 1378 si
394 1313 445 1380 his
466 1337 530 1380 non
553 1316 668 1380 insanit
686 1315 762 1380 satis
781 1337 838 1380 sua
855 1315 977 1400 spdnte,
994 1313 1121 1398 instiga.
1204 1312 1206 1317 ’

578 1409 646 1474 Mu.
671 1411 781 1494 Atque
799 1409 911 1494 edepol

114 1519 142 1559 1⁰
239 1500 290 1566 Ea
303 1503 353 1566 res
367 1512 424 1580 est,
437 1506 666 1588 proptereaque
680 1525 766 1569 nunc
778 1503 934 1568 miserain
942 1511 1121 1566 maerorest.

578 1597 638 1661 ΡΑ.
667 1597 781 1683 Mysis,

238 1688 303 1755 Per
328 1692 430 1754 omnis
456 1690 514 1754 tibi
536 1690 646 1756 adiurd
670 1691 745 1756 deos
776 1711 951 1774 numquam
979 1693 1049 1755 eam
1071 1713 1123 1755 me

578 1785 784 1860 deserttirum,

240 1877 323 1954 Non,
342 1881 369 1942 si
386 1878 559 1964 capiundos
577 1879 654 1944 mihi
671 1878 770 1944 sciam
784 1901 851 1945 esse
865 1878 1008 1944 inimicos
1021 1879 1123 1944 omnis
1140 1892 1191 1948 605

570 1972 723 2038 hdmines.

239 2066 334 2130 Hanc
360 2066 403 2129 mi
429 2066 582 2152 expetiui:
615 2067 761 2153 cdntigit3
788 2066 980 2132 conueniunt
1004 2089 1122 2133 mores:

570 2161 698 2225 ualeant

241 2251 306 2334 Qui
327 2253 409 2318 inter
430 2276 488 2318 nos
511 2254 677 2320 discidium
699 2255 825 2320 uolunt:
852 2255 934 2321 hauc
956 2256 1017 2320 nisi
1038 2277 1122 2320 mors

577 2349 621 2412 mi
639 2349 756 2416 adimet
773 2351 876 2414 neme.

115 2459 142 2498 ιι
154 2439 223 2504 Mu.
242 2440 414 2526 Resipisco.
451 2442 511 2506 Pu.
530 2442 605 2507 Non
616 2443 777 2529 Apdllinis
789 2445 891 2531 magis
904 2445 1016 2508 uerum
1030 2454 1123 2529 atque

578 2536 639 2602 hcc
656 2540 882 2624 respdnsumst.

241 2627 277 2695 Si
307 2629 422 2714 pdterit
452 2630 535 2708 fieri,
571 2642 607 2694 ut
640 2633 681 2696 ne
712 2642 802 2717 pater
830 2655 888 2718 per
918 2633 969 2697 md
1001 2631 1123 2698 stetisse

579 2725 696 2804 credat,

240 2814 315 2897 Quo
336 2817 440 2882 minus
462 2816 541 2883 haec
562 2818 673 2884 fierent
694 2819 833 2904 nuptiae,
855 2818 944 2895 uold;
967 2819 1023 2884 sed
1045 2819 1072 2883 si
1089 2819 1123 2883 id
1140 2830 1191 2885 700

578 2934 641 2976 non
659 2912 784 2998 pdterit,

239 3003 278 3067 Id
296 3003 421 3082 faciam,
438 3004 471 3070 iu
488 3006 622 3090 procliui
639 3006 724 3090 quod
742 3018 799 3083 est,
817 3029 874 3092 per
887 3008 938 3072 md
952 3008 1073 3073 stetisse
1087 3021 1123 3073 ut

578 3100 694 3166 credat.

232 3189 313 3272 Quis
348 3191 476 3258 uideor?
533 3191 593 3258 Cn.
636 3195 751 3271 Miser,
786 3216 886 3280 aeque
920 3197 1017 3281 atque
1051 3218 1121 3282 ego.

577 3287 641 3353 DA.
678 3285 855 3354 Consilium
885 3311 1013 3374 quaero.
1067 3293 1120 3354 Pu.

577 3381 696 3448 Fertis!

114 3492 141 3533 ac
240 3472 324 3550 Soio,
342 3473 426 3556 qudd
443 3495 613 3541 conere...
648 3475 713 3541 DA.
736 3478 809 3542 Hoc
827 3480 887 3564 ego
905 3477 962 3542 tibi
980 3479 1121 3564 prcfe'cto

576 3569 723 3636 effectum
741 3571 882 3636 reddam.

153 3661 213 3725 ΡΑ.
238 3661 529 3747 Iamhocdpusest.
556 3662 621 3729 DA.
640 3662 727 3745 Quin
741 3665 925 3732 iamhabed.
954 3666 1014 3732 Cn.
1034 3665 1122 3748 Quid

577 3756 642 3822 est?
668 3757 731 3822 DA.
750 3759 846 3837 Huic,
860 3762 924 3825 ndn
937 3760 994 3827 tibi
1007 3762 1120 3840 habeo,

574 3873 614 3916 ne
632 3852 725 3916 erres.

156 3937 215 4004 Cu.
239 3938 297 4006 Sat
318 3940 430 4006 habco.
478 3942 538 4008 ΡΑ.
565 3943 653 4025 Quid
674 3946 791 4011 facies?
817 3947 903 4012 cede.
952 3954 1011 4015 Dn.
1040 3950 1118 4016 Dies
1137 3967 1188 4024 705

578 4037 690 4104 hiemi
708 4051 744 4104 ut
760 4041 835 4106 satis
853 4041 903 4120 sit,
921 4045 1033 4111 uereor
