2602 4432
195 228 256 297 158
591 243 768 300 rnoamo
1028 235 1029 240 ‘
1160 244 1215 317 1,4

278 367 377 434 Recte
395 389 455 454 ego
473 366 550 432 mihi
567 366 717 432 uidissem
735 378 766 433 et
783 367 866 432 senis
885 389 986 433 essem
1003 369 1088 433 1'11tus
1101 368 1163 434 ira·

617 463 779 528 er'mdiam:

125 562 177 618 190
279 536 411 641 Aliquid
426 556 647 622 oonuasassem
660 568 755 640 atque
764 556 898 622 hinome
907 557 1079 622 conicerem
1090 580 1163 643 pro-

618 650 717 740 tinam
734 653 767 715 in
785 651 892 736 pedes.

193 746 255 810 An.
277 743 384 825 Quam
401 768 474 808 nam
491 744 542 809 hio
559 744 670 831 fugam
688 757 743 810 aut
760 745 880 810 furtsrm
897 746 1007 831 parat?

193 837 256 917 Gn.
279 837 345 905 Sed
363 838 419 903 ubi
432 820 652 925 Antiphonem
668 840 842 925 reperiam?
859 851 914 905 aut
933 863 997 925 qua
1010 842 1161 925 quaerere
1175 856 1202 914 ιβ

615 934 759 999 insistam
776 933 848 999 uia?-

192 1026 251 1092 Pn.
274 1027 322 1092 Te
335 1027 484 1093 nominat.
505 1028 568 1094 Aa.
582 1027 700 1094 Nescio
712 1027 798 1112 quod
811 1042 963 1114 magnum
977 1028 1038 1094 hoo
1051 1027 1161 1093 m'mtio

618 1125 751 1209 expecto
767 1125 896 1188 malum.
939 1123 999 1188 ΡΗ.
1027 1123 1091 1186 Ah.
1202 1123 1205 1130 ’

278 1213 440 1302 [Sanusne
454 1239 487 1282 es
493 1214 520 1302 ?]
550 1215 612 1285 Gn.
631 1216 773 1281 Domum
787 1219 833 1281 ire
847 1240 992 1304 pergam:
1006 1217 1051 1281 ibi
1064 1216 1160 1302 ph'rri·

616 1323 743 1375 mumst.
770 1311 830 1375 Pn.
846 1311 1046 1376 Reuooemus
1060 1309 1160 1374 homi·

615 1426 699 1469 nem.
726 1404 788 1469 Ar.
805 1403 863 1470 Sta
875 1404 957 1470 ilico.
987 1402 1047 1469 Gn.
1062 1405 1159 1480 Hem,

122 1499 172 1555 196
275 1495 361 1563 Satis
371 1518 428 1582 pro
436 1496 579 1582 imperio,
588 1497 731 1582 quisquis
741 1520 785 1562 es.
802 1485 864 1563 Aa.
873 1496 966 1564 Geta.
986 1496 1046 1564 Gn.
1056 1479 1161 1582 fpsest

615 1613 712 1676 quem
729 1591 817 1656 uolui
834 1592 971 1657 obuiam.

190 1685 252 1750 Aa.
276 1683 380 1762 Cedo,
403 1684 480 1768 quid
501 1695 622 1770 portas,
648 1685 797 1751 obsecro?
824 1678 918 1770 atque
939 1686 983 1769 id,
1010 1687 1037 1750 sl
1058 1696 1159 1772 potes,

614 1779 714 1845 uerbo
732 1779 869 1864 expedi.-

197 1877 259 1944 Gn.
278 1875 418 1940 Faciam.
441 1874 503 1939 An.
517 1872 686 1956 Eloquere.
710 1871 770 1938 Gn.
785 1871 980 1957 Modoapud
993 1881 1156 1954 portum..
1172 1894 1200 1933 ao

612 1966 675 2030 Ar.
697 1962 869 2029 Mer'rmne?
905 1964 965 2028 Gn.
989 1964 1157 2029 Intellexti.

609 2059 673 2123 Aa.
703 2036 828 2123 Occidi.
862 2057 923 2121 Pn.
951 2059 1047 2135 Hem.
1246 2112 1250 2122 .

187 2152 250 2216 Aa.
274 2146 362 2232 Quid
380 2149 492 2236 agam?
526 2151 587 2217 Pn.
615 2149 705 2233 Quid
722 2153 787 2216 ars?
823 2149 885 2217 Gn.
903 2148 1018 2215 'Huius
1036 2163 1158 2236 patrem

611 2245 728 2311 uidisse
741 2268 802 2322 me,
823 2242 882 2332 [et]
899 2246 1042 2331 patruom
1057 2256 1156 2309 tuom.

32 2326 102 2453 Χ
118 2341 172 2397 200
189 2339 249 2403 Ar.
272 2337 357 2402 Nam
374 2338 461 2422 quod
480 2361 541 2424 ego
559 2337 635 2406 huio
651 2361 737 2404 nune
755 2339 859 2404 sabito
875 2339 971 2404 exitio
983 2339 1158 2404 remedium

57 2474 59 2478 ι
611 2433 770 2498 inueniam
789 2433 903 2497 miser?

130 2523 132 2526 ’
273 2524 367 2606 Quod
385 2524 412 2590 si
429 2546 467 2590 eo
485 2548 575 2591 meae
589 2527 734 2592 rbrtr'rnae
752 2525 895 2603 redeunt,
912 2525 1081 2604 Phanium,
1100 2525 1157 2591 abs

611 2630 643 2685 te
660 2630 697 2684 ut
713 2619 879 2697 distrahar,

271 2713 396 2778 Nr'rllast
421 2711 499 2778 mihi
525 2712 593 2779 uita
618 2713 805 2799 expetenda.
850 2711 911 2778 Gn.
942 2712 1030 2800 Ergo
1055 2714 1154 2779 istaeo

612 2827 710 2889 quom
727 2807 772 2872 ita
789 2807 861 2885 sint,
879 2788 1033 2893 Antipho,

270 2900 374 2965 Tanto
395 2899 498 2987 magis
520 2911 551 2967 te
574 2901 749 2988 aduigilare
771 2913 950 2986 aequomst:
977 2900 1066 2966 fortis
1092 2901 1196 2966 for-ss

609 3006 687 3061 tuna
703 2995 843 3060 adiuuat.

185 3090 247 3155 Aa.
269 3088 340 3153 Non
367 3111 438 3153 sum
465 3088 552 3174 apud
577 3110 638 3154 me.
684 3087 745 3155 Gn.
773 3089 876 3172 Atqui
896 3090 977 3175 opus
1002 3099 1050 3153 est
1071 3111 1157 3155 nuno

610 3204 708 3267 quom
720 3185 869 3248 maxume
882 3195 918 3248 ut
931 3183 984 3261 sis,
997 3164 1155 3268 Antiphm

116 3289 168 3346 205
271 3276 355 3341 Nam
370 3275 397 3340 si
411 3278 543 3341 senserit
555 3287 587 3343 te
600 3276 746 3342 timidum
760 3279 850 3362 pater
863 3299 943 3354 esse,
953 3276 1156 3341 arbitrabitur

131 3412 133 3416 ν
270 3367 504 3435 commeruisse
518 3370 654 3456 col-pam.
676 3370 736 3435 Pa.
750 3372 824 3436 Hoo
838 3383 989 3436 uerumst.
1006 3371 1069 3437 Aa.
1083 3369 1156 3435 Non

608 3484 738 3548 possum
755 3463 949 3529 inmutarier.

184 3555 244 3623 Gn.
267 3554 356 3636 Quid
373 3555 504 3632 faceres,
527 3555 554 3619 si
577 3555 664 3621 alind
684 3556 762 3639 quid
783 3555 912 3643 grauius
929 3555 988 3621 tibi
1004 3579 1090 3622 nune
1107 3556 1155 3622 fa·

609 3649 759 3714 oiundrim
777 3650 877 3715 foret?
1153 3683 1155 3688 ·

182 3744 244 3808 Aa.
268 3740 377 3822 Quom
394 3741 453 3807 hos
469 3765 534 3807 non
550 3765 693 3834 possum,
711 3744 790 3808 ilh'rd
807 3744 910 3808 minus
928 3744 1065 3829 possem.
1094 3742 1199 3809 Gneo·

608 3839 681 3902 Hoo
699 3837 743 3901 nfl
761 3849 819 3915 est,
837 3837 1011 3903 Phaedria:
1029 3838 1124 3903 ilicet.

266 3929 354 4012 Quid
363 3928 414 3994 hio
424 3927 747 4016 conterimusoperam
756 3932 978 4016 frustra?quin
987 3932 1153 3999 abeo?Pn.

605 4026 650 4095 Et
667 4025 798 4115 quidem
810 4027 889 4114 ego?
917 4027 979 4093 Aa.
998 4005 1154 4106 Obsecro,
1194 4035 1198 4042 ’
