2602 4432
99 234 271 313 nauta
404 237 886 298 ummmmnmmwmmoe
1082 225 1124 292 69
1194 192 1197 200 ¹

155 365 217 429 ΒΑ.
246 362 329 445 Quis
350 387 425 429 nam
446 363 499 429 hic
520 363 706 429 adulescens
728 364 790 441 est,
816 362 872 446 qui
896 362 1029 429 intuitur
1048 365 1125 429 nes?
1190 340 1193 345 ἢ

580 458 643 522 An.
660 456 727 533 Ah,
744 455 843 522 retine
861 479 922 534 me,
941 456 1086 522 ebsecrol

155 552 217 616 Ba.
244 551 372 616 Amabo
389 551 466 634 quid
484 550 589 615 tibist?
631 551 695 613 Au.
722 549 873 635 Disperii,
895 550 975 635 perii
995 551 1124 617 misera!

581 643 642 708 ΒΑ.
661 642 749 725 Quid
766 643 894 729 stupes?

117 755 145 798 aa
162 737 210 805 oa.
237 737 413 823 Antiphila.
437 738 499 804 An.
509 736 635 846 Videon
645 735 783 878 Cliniam
792 737 924 802 annon?
942 738 1002 801 Ba·
1018 738 1124 819 Quem
1142 748 1193 801 405

157 923 215 990 Ca.
239 923 348 1004 Saluo,
362 924 467 990 enimc
480 924 534 990 mi.
560 830 733 990 Aulidegmi
747 922 862 1002 Clinia,
881 925 979 990 salue.
1011 924 1067 990 Cu
1079 905 1125 992 Vt

158 1115 222 1179 An.
247 1110 378 1179 Saluem
396 1113 522 1179 uenisse
539 1019 691 1200 8αὲιῖῗῖ
717 1111 775 1178 Ca.
794 1112 945 1178 Tenedus
963 1123 1004 1190 te,

243 1206 420 1292 Antiphila,
437 1230 587 1273 maxume
603 1208 709 1272 enimc
727 1209 905 1292 exoptatem
921 1207 1012 1272 meo?

158 1299 216 1367 Su.
240 1300 290 1366 Ite
307 1302 404 1379 intro;
421 1323 497 1365 nam
515 1323 572 1367 uos
590 1301 653 1365 iem
671 1301 791 1364 dudum
810 1304 955 1385 expectet
971 1323 1077 1367 senex.

484 1761 684 1843 AOTVS
715 1763 793 1842 ΠΙ.

378 1913 575 1980 Ounuuas
640 1914 906 1979 Manunuuvs

431 2030 524 2073 sanas
761 2030 782 2070 u

104 2141 225 2212 maCu.
245 2144 387 2209 Luciscit
409 2144 469 2208 hoc
485 2142 557 2208 iam.
593 2145 682 2208 cesso
700 2142 822 2227 pultare
841 2142 956 2207 estium
1142 2146 1194 2203 410

242 2237 357 2315 Vicini,
377 2237 513 2322 primum
533 2259 549 2302 c
567 2259 619 2302 me
635 2237 670 2299 dt
688 2236 768 2300 sciat
784 2235 845 2301 sibi
861 2237 964 2301 filium

242 2331 393 2398 Redisse?
415 2331 473 2397 ctsi
491 2331 724 2397 adulescentem
742 2331 803 2396 hoc
819 2332 903 2396 nolle
921 2331 1079 2417 intellego.

243 2427 363 2494 verum
393 2447 492 2510 quom
521 2425 648 2490 uideam
678 2427 828 2489 misenum
858 2425 943 2489 hunc
974 2437 1039 2489 tam
1069 2448 1125 2490 ex·

581 2519 749 2584 crucierier

242 2613 321 2678 Ilius
338 2613 437 2690 abitu,
456 2614 555 2678 celem
573 2623 637 2678 tam
655 2616 849 2699 insperatum
867 2613 1030 2698 gaddium,

242 2705 351 2789 Quom
367 2707 413 2773 illi
430 2708 538 2793 pericli
555 2708 599 2771 nil
617 2730 657 2772 ex
674 2705 790 2772 indicid
808 2707 885 2772 siet?
1141 2717 1193 2772 415

241 2802 341 2866 Haud
357 2800 486 2878 feciam3
508 2825 581 2865 nam
598 2801 683 2884 quod
705 2802 815 2886 petero
839 2800 987 2866 adiutabe
1006 2824 1122 2865 senem.

241 2895 322 2960 Item
341 2906 377 2960 ut
394 2894 495 2959 lilium
513 2918 618 2960 mcum
637 2898 738 2960 amico
755 2906 851 2978 atque
868 2895 993 2978 aequali
1010 2917 1068 2959 suo

242 2987 345 3054 Video
361 2988 513 3053 inseruire
532 3000 562 3053 et
579 2988 700 3053 secium
717 3011 787 3054 esse
805 2989 837 3052 in
854 2989 1000 3075 uegetiis,

118 3102 145 3143 ιο
242 3082 309 3147 Nos
327 3084 454 3167 queque
471 3104 561 3147 senos
579 3095 626 3147 est
644 3084 778 3166 aequom
796 3083 923 3147 senibus
943 3082 1083 3166 ebsequi.

156 3176 226 3242 Mu.
243 3177 311 3241 Aut
328 3178 389 3263 ego
405 3176 547 3261 profecto
565 3175 693 3261 ingenio
712 3176 841 3261 egregio
859 3176 900 3240 ad
917 3177 1058 3240 miserias
1083 3231 1086 3237 .
1141 3184 1192 3239 420

240 3269 342 3335 Natds
361 3293 441 3348 sum,
465 3280 520 3334 aut
536 3270 615 3334 illud
632 3269 786 3346 falsumst,
809 3270 893 3352 quod
915 3270 1011 3355 uolgo
1029 3269 1122 3334 audio

112 3392 116 3405 ·
242 3362 325 3442 Dici,
343 3363 427 3428 diem
445 3362 582 3428 adimere
600 3363 830 3449 aegritudinem
847 3362 1043 3441 heminibus3

241 3458 325 3523 Nam
343 3457 419 3523 mihi
437 3458 565 3541 quidem
584 3457 710 3522 cottidie
729 3461 871 3543 augescit
889 3457 990 3543 magis

117 3570 144 3613 iu
170 3572 174 3579 ’
242 3551 295 3617 De
311 3551 379 3616 filio
397 3552 571 3636 aegritddo,
589 3563 620 3616 et
638 3563 757 3634 quanto
776 3551 893 3615 diutius

241 3645 354 3723 Abest,
371 3645 473 3732 magis
493 3644 584 3730 cupio
603 3647 690 3709 tento
708 3656 739 3710 et
756 3644 858 3730 magis
876 3644 1029 3709 desidero.
1139 3651 1191 3703 425

157 3736 217 3803 Cu.
243 3737 310 3804 Sed
325 3740 429 3824 ipsum
448 3738 533 3803 foras
551 3741 712 3825 egressum
730 3738 838 3804 uideo:
855 3738 920 3815 ibo,
938 3741 1100 3821 adloquar.

241 3832 442 3909 Menedeme,
460 3832 562 3898 salue:
580 3832 725 3896 nuntium
743 3833 875 3918 adporte
893 3833 961 3911 tibi,

242 3926 367 4007 Quoius
384 3929 531 3990 maxume
549 3937 579 3991 te
597 3926 667 3991 tieri
684 3927 868 4011 participem
887 3928 986 4012 cupis.

118 4038 144 4080 ao
156 4020 223 4087 Mu.
242 4019 329 4085 Num
346 4021 422 4107 quid
438 4042 513 4088 uam
526 4019 567 4087 do
587 4018 685 4106 gnate
707 4040 778 4085 meo
804 4017 930 4099 audisti,
951 4018 1123 4091 Chremes?
