2602 4432
101 253 168 326 v,4
536 236 538 241 '
567 253 718 312 Aroma
1079 235 1121 302 47

116 397 141 436 15
153 378 214 441 ΡΑ.
241 379 284 442 Ni
301 389 441 444 metuam
458 388 594 464 patrem,
613 377 715 442 habeo
732 399 790 462 pro
808 376 861 440 illa
878 398 912 440 re
928 375 1018 439 illum
1036 375 1120 458 quod

580 475 726 536 monedm
743 470 851 556 probe.

156 555 202 622 St.
238 555 454 643 Sycophanta.
504 555 562 622 Ca.
597 559 693 622 Hem.
743 554 803 621 Cu.
840 554 909 632 Sic,
941 553 1045 632 Crito,
1076 565 1123 619 est

576 650 642 738 hic:
677 652 775 715 mitte.
829 647 887 714 Ca.
917 649 1035 715 Videat
1069 650 1123 732 qui

579 744 648 810 siet.
1068 751 1071 758 '

241 837 276 903 Si
303 837 379 902 mihi
406 848 517 927 perget
543 840 625 922 quae
652 837 718 902 uolt
744 836 863 914 dicere,
891 838 930 901 ea
955 857 1037 920 quae
1059 859 1124 899 non
1140 839 1192 894 920

253 1009 258 1026 ,
578 932 645 997 uolt
663 931 779 997 addiet.

239 1026 312 1112 Ego
330 1027 427 1093 istaec
444 1048 558 1092 moueo
576 1037 631 1092 aut
649 1025 743 1091 curo?
760 1047 823 1090 non
846 1035 880 1089 tu
899 1026 987 1089 tuom
1004 1024 1123 1088 malum

578 1142 681 1204 aequo
700 1120 805 1184 animd
823 1119 925 1184 feras?

115 1215 117 1218 ⁴
240 1215 324 1279 Nam
342 1218 402 1300 ego
420 1236 502 1298 quae
520 1215 601 1292 dico,
622 1217 698 1280 uera
716 1237 756 1277 an
773 1212 854 1277 falsa
876 1212 1041 1289 audierim,
1061 1211 1124 1275 iam

580 1308 653 1372 sciri
669 1318 783 1392 potest.

115 1420 142 1460 2⁰
240 1383 367 1466 Atticus
399 1401 529 1485 quidam
561 1401 636 1466 olim
666 1401 742 1465 naui
776 1400 876 1464 fracta
906 1399 947 1463 ad
978 1397 1124 1462 Andrum

579 1496 699 1560 eiectus
716 1505 765 1558 est

241 1573 284 1654 Et
301 1589 399 1654 istaec
418 1612 482 1653 una
499 1592 599 1674 patrna
617 1589 719 1674 uirgo.
764 1587 830 1651 tbm
853 1586 906 1651 ille
930 1609 1026 1672 egens
1044 1586 1125 1652 forte

580 1683 717 1768 adplicat

240 1778 384 1842 Primum
408 1779 449 1842 ad
472 1775 639 1863 Chrysidis
661 1788 783 1863 patrem
806 1798 850 1840 se.
895 1773 941 1841 Sa
969 1774 1124 1840 Fabulam
1143 1779 1194 1834 925

578 1872 727 1956 inceptat.
773 1869 833 1934 Cn.
862 1867 948 1935 Sine.
1014 1885 1015 1888 ’

158 1964 216 2031 Ca.
243 1947 334 2030 itane
348 1986 425 2030 uero
440 1966 608 2031 obturbat?
643 1963 703 2030 Cu.
721 1965 828 2048 Perge
846 1975 890 2027 tu.
928 1961 985 2028 Ca.
1004 1943 1036 2027 ls
1050 1963 1127 2028 mihi

580 2059 733 2144 cognatus
751 2058 822 2134 fuit,

242 2150 307 2234 Qui
326 2152 399 2216 edm
418 2152 546 2237 recepit.
583 2153 629 2215 ibi
647 2174 707 2238 ego
725 2151 832 2216 audiui
851 2174 890 2216 ex
907 2152 961 2215 illo
976 2174 1043 2216 sese
1058 2174 1127 2217 esse

249 2319 256 2340 ,
581 2228 736 2311 Atticum.

117 2357 144 2399 aa
242 2341 274 2404 Is
296 2339 341 2403 ibi
363 2341 526 2405 mortudst.
563 2338 622 2405 Ca.
645 2339 726 2405 Eius
747 2341 881 2405 nomen?
917 2338 974 2404 Ca.
1001 2339 1127 2404 Nomen

580 2446 645 2499 tam
663 2435 724 2499 citd
742 2434 818 2522 tibi?
860 2435 915 2498 Pa
933 2435 1029 2510 Hem,

242 2528 342 2594 Perii!
380 2526 437 2592 Ca
457 2529 578 2595 Verum
597 2529 702 2594 hercle
721 2530 832 2614 opinor
845 2528 942 2592 fuisse
955 2527 1127 2606 Phaniam3

549 2672 553 2678 .
582 2623 642 2689 hoc
660 2625 745 2688 certo
764 2622 839 2698 scio,
997 2683 999 2687 Α

243 2716 474 2781 Rhamnusium
501 2739 535 2781 se
562 2718 666 2782 aiebat
694 2739 773 2782 esse.
819 2715 879 2780 Cu.
912 2713 944 2780 Ο
971 2717 1127 2803 Iuppiter!
1146 2725 1197 2778 930

202 2865 203 2870 ,
582 2810 641 2876 Ca.
661 2811 785 2877 Eadem
803 2811 891 2895 haec,
912 2808 1076 2888 Chremes,

243 2905 341 2971 Multi
358 2905 412 2971 alii
429 2905 463 2970 in
476 2906 588 2971 Andro
607 2906 767 2971 audiuere.
805 2904 864 2970 Cn.
885 2906 1013 2972 Vtinam
1031 2907 1063 2969 id
1078 2909 1127 2983 sit,

581 2999 666 3082 quod
684 2998 791 3084 spero!
827 2999 897 3076 eho,
917 2999 967 3063 dic
984 3001 1071 3076 mihi,

244 3092 332 3175 Quid
359 3095 429 3157 edm
455 3094 541 3156 tum?
567 3115 698 3157 suamne
721 3115 789 3157 esse
813 3094 916 3156 aibat?
960 3091 1019 3158 Cn.
1045 3095 1127 3159 Non.

583 3184 643 3251 Cn.
654 3185 793 3268 Quoiam
802 3187 918 3272 igitur?
936 3185 994 3252 Ca.
1008 3189 1128 3254 Fratris

583 3281 693 3346 filiam.

120 3395 146 3435 ao
161 3373 219 3440 Cn.
248 3373 343 3440 Certc'
362 3386 470 3440 meast.
515 3373 572 3440 Ca.
610 3374 698 3457 Quid
721 3371 786 3440 a‘is?
829 3373 875 3442 Sr.
906 3373 994 3456 Quid
1012 3389 1046 3442 tu
1064 3379 1129 3443 ais?

582 3470 643 3533 Pi.
669 3452 788 3555 Arrige
807 3470 901 3546 auris,
919 3469 1102 3557 Pamphilel

160 3561 205 3630 Sr.
243 3562 309 3645 Qui
336 3563 456 3628 credis?
501 3562 560 3628 Cn.
591 3564 716 3628 Phania
741 3565 805 3629 illic
827 3565 924 3628 frater
946 3567 1035 3630 mens
1056 3568 1126 3632 fuit.

582 3657 627 3724 Sr.
663 3657 783 3722 Noram
801 3661 833 3722 dt
850 3659 924 3724 scio.

161 3749 220 3817 Cu.
248 3752 280 3816 Is
296 3751 410 3815 bellum
426 3752 499 3817 hino
512 3752 638 3838 fugiens
647 3754 762 3836 me'que
770 3752 803 3816 in
814 3753 924 3816 Asiam
934 3756 1125 3840 persequens
1143 3771 1195 3825 935

580 3847 800 3932 proficiscitur:

166 3955 168 3957 ’
221 3987 225 3993 -
242 3939 271 4007 Τ
275 3963 328 4007 um
344 3940 430 4008 illata
448 3942 623 4026 relinquere
642 3941 692 4005 hic
709 3953 757 4006 est
773 3942 902 4007 ueritus.
920 3943 1027 4031 postia
1042 3967 1125 4014 nuno

581 4035 718 4124 primum
736 4034 829 4101 audio
