2602 4432
111 240 231 322 lure
543 248 749 307 uvuvcflvs
833 262 836 268 ·
1069 239 1128 305 131

248 352 317 439 Ore
335 396 395 439 me.
430 373 495 439 Do.
515 371 660 439 0bseer6
677 383 708 438 te
726 393 813 450 uero,
830 373 998 440 Phaedria.
1034 375 1094 439 ΡΥ.
1113 375 1131 439 Ι
1148 381 1199 435 715

586 466 669 532 intro
689 466 849 531 mincium.

161 559 329 627 D0.Oie'1‘.
373 561 433 627 ΡΥ.
466 562 541 625 Alio
567 563 660 646 puoto
687 560 819 626 honeste
844 563 908 645 qud
935 561 1030 626 modo
1057 561 1130 627 hine

586 654 700 719 abeam
717 655 833 719 neseio.

246 731 406 826 hemme,
425 748 582 832 siquidem
599 749 636 813 tir
651 770 703 813 me
716 747 768 812 hie
781 748 887 826 etiem,
903 749 1031 827 nebulo,
1049 749 1130 814 ludi-

584 842 730 907 fieehere.
745 879 787 889 -

121 937 219 1002 roPr.
241 936 450 1002 Parmenonis
476 938 541 1000 uim
568 936 634 1001 seio
656 957 725 1000 esse
750 935 832 1001 hane
852 936 1011 1002 techinam
1033 958 1129 1021 quam

585 1052 636 1094 me
653 1030 771 1094 uiuere.

160 1123 244 1189 Dou.
267 1121 321 1190 sie
347 1133 406 1213 esti
449 1122 507 1187 Pr.
537 1122 702 1188 Inuenium
727 1122 781 1209 pol
807 1122 916 1200 hodie,
942 1127 1051 1208 peirem
1073 1125 1130 1189 uhi

584 1217 720 1282 referam
737 1217 881 1303 gretiam.

245 1309 313 1378 de
328 1333 414 1376 nune
431 1310 508 1396 quid
525 1310 709 1377 faciundum
727 1332 847 1389 censes,
865 1310 1002 1376 Duriae?
1044 1311 1128 1377 Dor.
1148 1320 1198 1374 720

584 1404 637 1470 De
654 1405 733 1470 istie
750 1426 844 1490 rogas

244 1498 396 1586 Virgine?
425 1498 484 1564 ΡΥ.
504 1500 564 1577 Ita,
578 1510 686 1563 utrum
699 1500 920 1583 praedicemne
934 1522 974 1562 an
989 1501 1129 1564 rhoeam?

585 1592 669 1658 Dor,
690 1591 743 1657 Tu
760 1593 823 1679 pol,
843 1596 870 1657 si
887 1593 981 1678 sapis,

243 1684 341 1769 Quid
363 1684 424 1751 seis
451 1686 569 1764 neseis,
596 1688 699 1770 neque
726 1686 766 1751 de
793 1687 939 1752 eunucho
961 1690 1064 1771 neque
1086 1688 1128 1752 de

583 1780 660 1844 uitio
677 1780 820 1867 uirginis.

119 1890 146 1932 5⁵
242 1876 315 1939 Hee
328 1896 374 1939 -re
396 1889 428 1939 et
449 1885 481 1938 te
503 1874 589 1938 omui
610 1874 704 1938 tirrha
725 1875 854 1940 euolues
876 1877 909 1940 et
933 1875 980 1940 illi
1000 1887 1126 1961 gratum

580 1968 702 2034 feceris.

234 2041 273 2126 id
299 2060 393 2126 modo
421 2061 485 2140 dic,
517 2062 620 2128 abisse
647 2061 781 2127 Dorum.
834 2064 893 2128 Pr.
924 2064 975 2128 Itu
1001 2063 1125 2129 ficiam.

582 2154 663 2222 Dor.
687 2155 753 2221 Sed
772 2156 887 2222 uidedn
906 2155 1096 2223 Chremem?

242 2247 342 2313 Thu'is
355 2249 418 2313 iam
432 2249 542 2317 ederit.
569 2250 629 2314 ΡΥ.
643 2250 731 2331 Quid
744 2251 806 2314 ita?
827 2250 908 2315 Dor.
923 2251 1018 2332 Quia,
1029 2268 1124 2336 quom
1143 2250 1194 2304 725

581 2344 656 2409 inde
673 2344 764 2422 hbeo,
782 2344 846 2410 iam
863 2358 932 2410 tum
948 2345 1108 2432 inceperat

241 2434 352 2501 Turba
377 2436 458 2502 inter
483 2460 547 2504 eos.
599 2437 659 2503 ΡΥ.
689 2440 794 2503 Aufer
820 2463 933 2504 aurum
959 2439 1029 2505 hoe.
1064 2442 1125 2526 ego

581 2532 668 2597 scibo
687 2555 727 2597 ex
744 2533 813 2609 hoe,
833 2534 909 2618 quid
927 2534 996 2599 siet.

411 2783 610 2852 Cunuuus
681 2786 869 2853 Prrnrus

414 2902 607 2946 reversurus
709 2903 840 2946 uucmm

105 2997 223 3067 ΜΘΗ.
243 2999 335 3063 Auru
356 2999 431 3064 datu
451 2997 557 3064 hercle
578 2999 679 3064 uerba
700 3000 778 3064 mihi
799 3013 884 3066 sunt:
910 3003 986 3068 uleit
1012 3003 1122 3068 uinum

580 3093 667 3177 quid
684 3093 761 3158 bibi.

240 3187 286 3252 At
304 3186 380 3250 dum
397 3187 607 3265 edeubabam,
630 3190 726 3272 quem
749 3187 880 3252 uidebar
897 3189 973 3254 mihi
991 3193 1123 3276 pulchre

581 3304 650 3347 esse
668 3279 806 3347 rubrius!

239 3374 416 3458 Postquem
438 3376 575 3453 surrexi,
601 3378 707 3459 neque
732 3398 788 3460 pes
810 3397 913 3460 neque
934 3401 1024 3443 mens
1046 3381 1124 3446 sutis

298 3484 299 3487 ’
581 3492 671 3534 suom
689 3468 828 3533 officium
846 3470 930 3535 fauit.

157 3560 216 3626 ΡΥ.
241 3560 403 3628 Chremes.
457 3560 517 3630 Cn.
549 3562 631 3643 Quis
658 3564 724 3627 est?
754 3563 845 3628 ehem
870 3564 1018 3648 Pythius:
1050 3568 1123 3644 uah,
1142 3567 1193 3621 730

581 3658 699 3739 quinto
716 3679 801 3722 nunc
818 3657 1006 3723 formensior

133 3768 146 3808 u
243 3749 360 3815 Videre
377 3749 455 3813 mihi
473 3770 570 3832 quam
588 3749 721 3815 dudum!
753 3750 811 3816 ΡΥ.
828 3750 925 3817 Certo
943 3756 979 3818 tu
995 3755 1124 3839 quidem

581 3845 634 3929 pol
652 3846 751 3910 multo
769 3845 905 3911 hilarior.

160 3933 218 4002 Cu,
242 3936 385 4001 Verbum
411 3936 517 4002 hercle
542 3937 603 4002 hoe
629 3959 740 4002 uerum
766 3941 822 4003 erit
846 3941 928 4004 ‘sine
951 3939 1067 4006 Cerere
1093 3954 1126 4008 et
1191 3960 1193 3964 ‘

583 4031 705 4098 Libero
722 4031 825 4121 ruge
835 4035 865 4103 u
874 4035 987 4169 ermeg:
