2602 4432
604 237 781 296 PHORMIO

505 525 700 590 Auuseno
766 520 885 590 Guus

505 638 699 684 Auvuuscuus
767 640 880 685 suevos

209 740 270 804 Au.
294 701 389 806 Geta.
417 737 477 805 Gn.
497 740 593 803 Hem.
620 739 683 802 Au.
702 735 790 819 Quid
809 739 920 824 egisti?
947 736 1009 806 Gu.
1029 722 1233 817 Emunxiivc

633 834 763 917 argentd
781 855 881 898 senes.

209 929 270 992 Au.
294 927 386 994 Satin
404 928 452 991 est
473 925 524 990 id?
560 924 621 992 Ge.
648 927 762 991 Nescio
785 926 904 993 hercle:
927 938 1051 992 tantum
1072 927 1177 994 iussus

631 1043 712 1087 sum.

208 1117 269 1180 du.
292 1114 374 1192 Eho,
393 1114 538 1192 uerbem,
556 1113 642 1179 aliud
659 1113 736 1178 mihi
753 1114 925 1199 respondes
943 1116 981 1178 dc
998 1115 1095 1201 rogo?

139 1216 190 1271 685
208 1209 268 1276 Gu.
292 1208 379 1290 Quid
397 1211 473 1294 ergo
491 1209 633 1273 narres?v
654 1209 716 1272 Au.
735 1207 822 1287 Quid
840 1230 901 1294 ego
918 1210 1062 1273 narrem?
1079 1211 1178 1295 operd

631 1312 686 1366 tua

291 1396 347 1460 Ad
363 1396 472 1461 restim
490 1396 567 1460 mihi
584 1396 713 1479 quidem
730 1418 781 1461 res
798 1394 879 1460 redit
894 1394 1097 1480 planissume.
1203 1415 1218 1458 s

290 1491 336 1557 Vt
352 1492 384 1555 te
402 1490 531 1573 quidem
549 1512 659 1554 omnes
677 1491 710 1554 di
726 1489 816 1566 deae,
835 1490 941 1574 superi
957 1488 1052 1555 inseri

290 1584 387 1648 Malis
405 1584 557 1668 exemplis
575 1581 723 1668 perdenti
743 1605 804 1660 em,
823 1583 849 1647 si
866 1582 945 1666 quid
960 1583 1051 1660 uelis,

290 1677 378 1741 Huic
403 1676 544 1753 mendes,
572 1677 627 1760 qui
652 1688 684 1741 te
711 1675 753 1740 ad
779 1676 943 1761 scdpulum
965 1698 983 1741 e
1005 1678 1175 1761 tranquillo

629 1770 761 1834 adferet.

292 1862 379 1942 Quid
397 1865 501 1927 minus
519 1863 630 1928 utibile
647 1863 708 1928 fult
723 1883 821 1946 quam
839 1861 899 1927 hcc
917 1864 1008 1928 ulcus
1026 1865 1157 1950 tingere

290 1959 360 2020 Aut
377 1957 540 2022 ndmiuare
558 1958 708 2022 uxdrem?
725 1956 870 2021 iniectast
888 1958 960 2042 spes
977 1958 1059 2043 patri
1190 1979 1217 2021 ιο

289 2051 389 2116 Posse
407 2053 494 2115 illam
512 2051 646 2116 extrudi.
683 2050 760 2115 cedo
778 2073 863 2115 nunc
880 2072 987 2136 porro:
1009 2051 1161 2118 Phdrmio

289 2144 409 2210 Dotem
427 2145 453 2210 si
471 2146 614 2230 accipiet,
631 2147 712 2210 uxor
729 2145 904 2211 ducenddst
921 2147 1065 2212 domum:

290 2239 378 2320 Quid
403 2240 478 2304 fiet?
534 2238 594 2304 Gu.
624 2241 697 2305 Non
724 2240 808 2304 enim
834 2240 936 2305 ducet.
985 2244 1047 2308 Au.
1078 2242 1173 2310 Noui.

630 2337 769 2400 ceterum

173 2444 184 2457 ·
227 2454 230 2455 ⁷
290 2427 397 2510 Quom
415 2429 582 2515 argentum
599 2440 752 2514 repetent,
770 2430 876 2494 ndstra
894 2451 990 2494 causa
1007 2431 1125 2497 scilieet

288 2524 327 2587 In
346 2524 478 2587 neruom
494 2522 600 2608 potius
617 2523 686 2588 ibit.
722 2521 782 2590 Gu.
808 2523 862 2588 Nil
880 2534 937 2600 est,
955 2504 1108 2611 Antipho,
1187 2548 1216 2590 15

291 2616 379 2696 Quin
396 2617 479 2681 mdle
496 2617 653 2682 narrando
671 2617 767 2702 pdssit
785 2616 1001 2701 depraudrier:

290 2710 342 2775 Tu
359 2710 393 2774 id
411 2710 495 2793 qudd
513 2711 618 2775 boniet
636 2710 788 2794 excerpis,
807 2709 886 2774 dicis
904 2711 988 2793 qudd
1005 2710 1120 2777 malist.

289 2804 378 2868 Audi
395 2827 480 2869 nunc
497 2815 619 2869 contra:
636 2805 699 2867 idm
718 2805 744 2868 si
763 2819 929 2889 argentum
947 2806 1112 2891 acceperit,

288 2897 475 2962 Ducendast
492 2919 583 2976 uxor,
601 2899 637 2962 ut
654 2906 711 2974 als,
729 2896 867 2962 concedd
885 2898 956 2962 tibi:

290 2990 437 3076 Spatium
455 2991 582 3074 quidem
600 2991 728 3056 tandem
745 2991 920 3076 adpetendi
937 2993 1073 3079 ndptias,
1188 3015 1216 3057 κο

290 3085 445 3162 Voctndi,
464 3084 671 3150 sacruficdndi
689 3084 816 3149 dabitur
832 3085 1006 3170 paululum.

289 3179 417 3244 Interea
434 3180 526 3244 amici
545 3181 628 3262 qudd
645 3179 777 3264 polliciti
794 3179 867 3245 silut
884 3179 1019 3244 dubunt:

289 3273 370 3339 Inde
394 3275 455 3339 iste
477 3273 596 3338 reddet.
632 3275 694 3338 Au.
722 3272 829 3353 Quam
850 3273 891 3338 tb
912 3275 998 3339 rem?
1020 3284 1075 3339 aut
1096 3275 1175 3360 quid

630 3366 731 3431 dicet?
766 3364 828 3433 Gn.
851 3367 978 3454 Rogas?

291 3459 402 3541 ‘Quod
419 3462 468 3524 res
486 3460 611 3544 postilla
627 3460 767 3525 mdnstra
784 3463 958 3526 euenerunt
974 3461 1064 3527 mihil

288 3554 378 3619 Intro
395 3554 432 3618 iit
448 3554 480 3617 in
499 3553 586 3617 aedis
603 3556 671 3619 dter
688 3553 808 3618 aliends
827 3554 929 3631 cenis3
1186 3575 1214 3620 ss

289 3646 663 3732 Anguisperinpluuium
681 3646 797 3711 decidit
815 3647 854 3712 de
872 3647 1003 3733 tegulis3

290 3740 419 3807 Gallina
437 3741 549 3805 cecinit
554 3765 563 3818 ;
580 3740 742 3805 interdixit
759 3741 912 3805 hariolus:

289 3837 447 3918 Harlspex
465 3835 580 3911 uetuit3
598 3837 671 3899 ente
688 3835 834 3899 brumam
852 3836 957 3899 autem
974 3836 1048 3899 noui

287 3929 401 4014 Negdti
420 3929 558 4013 incipere
622 3929 640 3963 *
713 3929 732 3965 ¹*
803 3929 822 3965 ¹*
894 3928 912 3964 *
984 3929 1002 3963 *

289 4024 307 4060 ⁴*
392 4024 410 4060 *
497 4023 515 4059 ¹*
601 4021 625 4089 'z
643 4022 725 4108 quae
743 4034 869 4111 causest
886 4022 1076 4090 iustissuma.
1185 4043 1212 4088 tt
