<?xml version="1.0" encoding="UTF-8"?>
<!DOCTYPE html PUBLIC "-//W3C//DTD XHTML 1.0 Transitional//EN"
    "http://www.w3.org/TR/xhtml1/DTD/xhtml1-transitional.dtd">
<html xmlns="http://www.w3.org/1999/xhtml" xml:lang="en" lang="en">
 <head>
  <title>
</title>
<meta http-equiv="Content-Type" content="text/html;charset=utf-8" />
  <meta name='ocr-system' content='tesseract 3.04.00' />
  <meta name='ocr-capabilities' content='ocr_page ocr_carea ocr_par ocr_line ocrx_word'/>
</head>
<body>
  <div class='ocr_page' id='page_1' title='image "./comoediae00lindgoog_0278.png"; bbox 0 0 2602 4432; ppageno 0'>
   <div class='ocr_carea' id='block_1_1' title="bbox 103 214 1121 301">
    <p class='ocr_par' dir='ltr' id='par_1_1' title="bbox 103 214 1121 301">
     <span class='ocr_line' id='line_1_1' title="bbox 103 214 1121 301; baseline -0.009 -11"><span class='ocrx_word' id='word_1_1' title='bbox 103 230 171 301; x_wconf 55' lang='grc' dir='ltr'><strong>ΝΑ</strong></span> <span class='ocrx_word' id='word_1_2' title='bbox 559 225 716 283; x_wconf 77' lang='grc' dir='ltr'><strong>ΗΕΟΥΒΑ</strong></span> <span class='ocrx_word' id='word_1_3' title='bbox 1057 214 1121 281; x_wconf 83' lang='grc'><strong>233</strong></span> 
     </span>
    </p>
   </div>
   <div class='ocr_carea' id='block_1_2' title="bbox 113 350 1193 3717">
    <p class='ocr_par' dir='ltr' id='par_1_2' title="bbox 113 350 1193 3717">
     <span class='ocr_line' id='line_1_2' title="bbox 242 350 1120 418; baseline 0.001 -3"><span class='ocrx_word' id='word_1_4' title='bbox 242 350 436 418; x_wconf 72' lang='lat' dir='ltr'><strong>Bacchidem</strong></span> <span class='ocrx_word' id='word_1_5' title='bbox 458 350 588 416; x_wconf 77' lang='lat' dir='ltr'><strong>anulum</strong></span> <span class='ocrx_word' id='word_1_6' title='bbox 606 373 698 416; x_wconf 87' lang='lat' dir='ltr'><strong>suom</strong></span> <span class='ocrx_word' id='word_1_7' title='bbox 714 350 842 416; x_wconf 86' lang='lat' dir='ltr'><strong>habere.</strong></span> <span class='ocrx_word' id='word_1_8' title='bbox 876 351 954 416; x_wconf 73' lang='lat' dir='ltr'><strong>Pau.</strong></span> <span class='ocrx_word' id='word_1_9' title='bbox 976 350 1120 417; x_wconf 72' lang='lat' dir='ltr'><strong>Factum</strong></span> 
     </span>
     <span class='ocr_line' id='line_1_3' title="bbox 578 444 1193 529; baseline 0.003 -20"><span class='ocrx_word' id='word_1_10' title='bbox 578 444 660 509; x_wconf 76' lang='lat' dir='ltr'><strong>Pau.</strong></span> <span class='ocrx_word' id='word_1_11' title='bbox 682 444 768 509; x_wconf 84' lang='lat' dir='ltr'><strong>Eum</strong></span> <span class='ocrx_word' id='word_1_12' title='bbox 785 465 880 529; x_wconf 92' lang='lat' dir='ltr'><strong>quem</strong></span> <span class='ocrx_word' id='word_1_13' title='bbox 894 444 970 509; x_wconf 88' lang='lat' dir='ltr'>olim</span> <span class='ocrx_word' id='word_1_14' title='bbox 987 447 1017 510; x_wconf 83' lang='lat' dir='ltr'><strong>ei</strong></span> <span class='ocrx_word' id='word_1_15' title='bbox 1033 445 1120 511; x_wconf 87' lang='lat' dir='ltr'><strong>dedi:</strong></span> <span class='ocrx_word' id='word_1_16' title='bbox 1185 466 1193 511; x_wconf 90' lang='grc'><strong>·.</strong></span> 
     </span>
     <span class='ocr_line' id='line_1_4' title="bbox 240 526 1122 627; baseline -0.002 -19"><span class='ocrx_word' id='word_1_17' title='bbox 240 526 353 627; x_wconf 74' lang='lat' dir='ltr'><strong>anue</strong></span> <span class='ocrx_word' id='word_1_18' title='bbox 384 540 445 606; x_wconf 85' lang='lat' dir='ltr'><strong>hoe</strong></span> <span class='ocrx_word' id='word_1_19' title='bbox 474 550 506 606; x_wconf 84' lang='lat' dir='ltr'><strong>te</strong></span> <span class='ocrx_word' id='word_1_20' title='bbox 536 540 614 606; x_wconf 86' lang='lat' dir='ltr'>mihi</span> <span class='ocrx_word' id='word_1_21' title='bbox 644 541 790 605; x_wconf 75' lang='lat' dir='ltr'><strong>nuntiare</strong></span> <span class='ocrx_word' id='word_1_22' title='bbox 820 540 920 606; x_wconf 80' lang='lat' dir='ltr'><strong>ir&#39;rssit.</strong></span> <span class='ocrx_word' id='word_1_23' title='bbox 962 541 1047 606; x_wconf 88' lang='lat' dir='ltr'><strong>itane</strong></span> <span class='ocrx_word' id='word_1_24' title='bbox 1073 552 1122 606; x_wconf 86' lang='lat' dir='ltr'><strong>est</strong></span> 
     </span>
     <span class='ocr_line' id='line_1_5' title="bbox 578 634 1069 720; baseline -0.004 -20"><span class='ocrx_word' id='word_1_25' title='bbox 578 635 717 700; x_wconf 76' lang='lat' dir='ltr'><strong>fautum?</strong></span> <span class='ocrx_word' id='word_1_26' title='bbox 751 634 829 699; x_wconf 74' lang='lat' dir='ltr'><strong>Pau.</strong></span> <span class='ocrx_word' id='word_1_27' title='bbox 851 635 912 712; x_wconf 85' lang='lat' dir='ltr'><strong>Ita,</strong></span> <span class='ocrx_word' id='word_1_28' title='bbox 929 634 1069 720; x_wconf 87' lang='lat' dir='ltr'><strong>inquam.</strong></span> 
     </span>
     <span class='ocr_line' id='line_1_6' title="bbox 154 728 1121 815; baseline -0.005 -18"><span class='ocrx_word' id='word_1_29' title='bbox 154 731 237 797; x_wconf 70' lang='lat' dir='ltr'><strong>Pau.</strong></span> <span class='ocrx_word' id='word_1_30' title='bbox 248 731 329 813; x_wconf 71' lang='lat' dir='ltr'><strong>Quis</strong></span> <span class='ocrx_word' id='word_1_31' title='bbox 339 751 390 794; x_wconf 91' lang='lat' dir='ltr'><strong>me</strong></span> <span class='ocrx_word' id='word_1_32' title='bbox 399 728 641 799; x_wconf 77' lang='lat' dir='ltr'><strong>estfortunauor</strong></span> <span class='ocrx_word' id='word_1_33' title='bbox 648 728 887 813; x_wconf 74' lang='lat' dir='ltr'><strong>uenustatisque</strong></span> <span class='ocrx_word' id='word_1_34' title='bbox 896 729 975 795; x_wconf 86' lang='lat' dir='ltr'><strong>adeo</strong></span> <span class='ocrx_word' id='word_1_35' title='bbox 984 729 1121 815; x_wconf 71' lang='lat' dir='ltr'><strong>plenior?</strong></span> 
     </span>
     <span class='ocr_line' id='line_1_7' title="bbox 240 807 1121 910; baseline -0.003 -20"><span class='ocrx_word' id='word_1_36' title='bbox 240 807 354 910; x_wconf 68' lang='lat' dir='ltr'><strong>Egone</strong></span> <span class='ocrx_word' id='word_1_37' title='bbox 366 835 398 888; x_wconf 91' lang='lat' dir='ltr'><strong>te</strong></span> <span class='ocrx_word' id='word_1_38' title='bbox 411 843 469 908; x_wconf 89' lang='lat' dir='ltr'><strong>pro</strong></span> <span class='ocrx_word' id='word_1_39' title='bbox 483 822 544 887; x_wconf 87' lang='lat' dir='ltr'><strong>hoe</strong></span> <span class='ocrx_word' id='word_1_40' title='bbox 556 822 668 887; x_wconf 82' lang='lat' dir='ltr'><strong>m&#39;rntio</strong></span> <span class='ocrx_word' id='word_1_41' title='bbox 681 822 757 906; x_wconf 90' lang='lat' dir='ltr'><strong>quid</strong></span> <span class='ocrx_word' id='word_1_42' title='bbox 771 823 904 887; x_wconf 71' lang='lat' dir='ltr'><strong>dunem?</strong></span> <span class='ocrx_word' id='word_1_43' title='bbox 917 823 1012 907; x_wconf 85' lang='lat' dir='ltr'><strong>quid?</strong></span> <span class='ocrx_word' id='word_1_44' title='bbox 1025 823 1121 908; x_wconf 88' lang='lat' dir='ltr'><strong>quid?</strong></span> 
     </span>
     <span class='ocr_line' id='line_1_8' title="bbox 579 916 695 981; baseline 0.009 -2"><span class='ocrx_word' id='word_1_45' title='bbox 579 916 695 981; x_wconf 75' lang='lat' dir='ltr'><strong>nescio.</strong></span> 
     </span>
     <span class='ocr_line' id='line_1_9' title="bbox 117 993 1190 1097; baseline 0.002 -26"><span class='ocrx_word' id='word_1_46' title='bbox 117 1031 142 1071; x_wconf 84' lang='grc' dir='ltr'><strong>ιο</strong></span> <span class='ocrx_word' id='word_1_47' title='bbox 155 993 290 1077; x_wconf 68' lang='grc' dir='ltr'><strong>ΡΑιι.Ᾰῖ</strong></span> <span class='ocrx_word' id='word_1_48' title='bbox 308 1031 368 1097; x_wconf 87' lang='lat' dir='ltr'><strong>ego</strong></span> <span class='ocrx_word' id='word_1_49' title='bbox 387 1009 462 1075; x_wconf 85' lang='lat' dir='ltr'><strong>seio.</strong></span> <span class='ocrx_word' id='word_1_50' title='bbox 496 1008 580 1074; x_wconf 73' lang='lat' dir='ltr'><strong>Pau.</strong></span> <span class='ocrx_word' id='word_1_51' title='bbox 603 1009 710 1092; x_wconf 83' lang='lat' dir='ltr'>Quid?</span> <span class='ocrx_word' id='word_1_52' title='bbox 731 1009 810 1074; x_wconf 69' lang='lat' dir='ltr'><strong>Pau.</strong></span> <span class='ocrx_word' id='word_1_53' title='bbox 833 1010 887 1074; x_wconf 85' lang='lat' dir='ltr'><strong>Nss</strong></span> <span class='ocrx_word' id='word_1_54' title='bbox 904 1010 1002 1086; x_wconf 82' lang='lat' dir='ltr'><strong>enim3</strong></span> <span class='ocrx_word' id='word_1_55' title='bbox 1137 1016 1190 1073; x_wconf 81' lang='lat'><strong>850</strong></span> 
     </span>
     <span class='ocr_line' id='line_1_10' title="bbox 238 1103 1121 1189; baseline -0.002 -19"><span class='ocrx_word' id='word_1_56' title='bbox 238 1106 271 1170; x_wconf 91' lang='lat' dir='ltr'>N</span> <span class='ocrx_word' id='word_1_57' title='bbox 271 1108 323 1170; x_wconf 76' lang='lat' dir='ltr'><strong>am</strong></span> <span class='ocrx_word' id='word_1_58' title='bbox 344 1126 448 1189; x_wconf 90' lang='lat' dir='ltr'><strong>neque</strong></span> <span class='ocrx_word' id='word_1_59' title='bbox 470 1103 502 1168; x_wconf 92' lang='lat' dir='ltr'><strong>in</strong></span> <span class='ocrx_word' id='word_1_60' title='bbox 519 1104 630 1169; x_wconf 72' lang='lat' dir='ltr'><strong>nuntie</strong></span> <span class='ocrx_word' id='word_1_61' title='bbox 646 1125 751 1188; x_wconf 90' lang='lat' dir='ltr'><strong>neque</strong></span> <span class='ocrx_word' id='word_1_62' title='bbox 768 1104 800 1168; x_wconf 91' lang='lat' dir='ltr'><strong>in</strong></span> <span class='ocrx_word' id='word_1_63' title='bbox 818 1126 869 1168; x_wconf 88' lang='lat' dir='ltr'><strong>me</strong></span> <span class='ocrx_word' id='word_1_64' title='bbox 885 1104 954 1189; x_wconf 87' lang='lat' dir='ltr'><strong>ipso</strong></span> <span class='ocrx_word' id='word_1_65' title='bbox 972 1104 1029 1169; x_wconf 82' lang='lat' dir='ltr'>tibi</span> <span class='ocrx_word' id='word_1_66' title='bbox 1045 1103 1121 1169; x_wconf 89' lang='lat' dir='ltr'><strong>boni</strong></span> 
     </span>
     <span class='ocr_line' id='line_1_11' title="bbox 577 1197 805 1283; baseline -0.004 -20"><span class='ocrx_word' id='word_1_67' title='bbox 577 1198 655 1283; x_wconf 90' lang='lat' dir='ltr'><strong>quid</strong></span> <span class='ocrx_word' id='word_1_68' title='bbox 673 1200 712 1264; x_wconf 82' lang='lat' dir='ltr'><strong>sit</strong></span> <span class='ocrx_word' id='word_1_69' title='bbox 730 1197 805 1262; x_wconf 85' lang='lat' dir='ltr'><strong>seio.</strong></span> 
     </span>
     <span class='ocr_line' id='line_1_12' title="bbox 154 1291 1120 1380; baseline -0.004 -20"><span class='ocrx_word' id='word_1_70' title='bbox 154 1295 237 1360; x_wconf 72' lang='lat' dir='ltr'><strong>Pau.</strong></span> <span class='ocrx_word' id='word_1_71' title='bbox 246 1294 340 1380; x_wconf 82' lang='lat' dir='ltr'>Egon</span> <span class='ocrx_word' id='word_1_72' title='bbox 358 1292 414 1378; x_wconf 89' lang='lat' dir='ltr'><strong>qui</strong></span> <span class='ocrx_word' id='word_1_73' title='bbox 431 1291 472 1357; x_wconf 89' lang='lat' dir='ltr'><strong>ab</strong></span> <span class='ocrx_word' id='word_1_74' title='bbox 486 1312 559 1357; x_wconf 87' lang='lat' dir='ltr'><strong>oreo</strong></span> <span class='ocrx_word' id='word_1_75' title='bbox 573 1293 730 1359; x_wconf 66' lang='lat' dir='ltr'><strong>mertuum</strong></span> <span class='ocrx_word' id='word_1_76' title='bbox 742 1314 794 1357; x_wconf 92' lang='lat' dir='ltr'><strong>me</strong></span> <span class='ocrx_word' id='word_1_77' title='bbox 807 1291 956 1357; x_wconf 74' lang='lat' dir='ltr'><strong>reducem</strong></span> <span class='ocrx_word' id='word_1_78' title='bbox 968 1291 1002 1357; x_wconf 86' lang='lat' dir='ltr'><strong>in</strong></span> <span class='ocrx_word' id='word_1_79' title='bbox 1016 1292 1120 1357; x_wconf 85' lang='lat' dir='ltr'><strong>lueem</strong></span> 
     </span>
     <span class='ocr_line' id='line_1_13' title="bbox 578 1385 701 1464; baseline 0.008 -14"><span class='ocrx_word' id='word_1_80' title='bbox 578 1385 701 1464; x_wconf 75' lang='lat' dir='ltr'><strong>feceris,</strong></span> 
     </span>
     <span class='ocr_line' id='line_1_14' title="bbox 239 1479 1120 1557; baseline -0.005 -10"><span class='ocrx_word' id='word_1_81' title='bbox 239 1480 351 1548; x_wconf 74' lang='lat' dir='ltr'><strong>Sinam</strong></span> <span class='ocrx_word' id='word_1_82' title='bbox 375 1480 442 1545; x_wconf 87' lang='lat' dir='ltr'><strong>sine</strong></span> <span class='ocrx_word' id='word_1_83' title='bbox 464 1501 596 1544; x_wconf 89' lang='lat' dir='ltr'><strong>munere</strong></span> <span class='ocrx_word' id='word_1_84' title='bbox 617 1482 705 1546; x_wconf 72' lang='lat' dir='ltr'><strong>ame</strong></span> <span class='ocrx_word' id='word_1_85' title='bbox 723 1479 829 1546; x_wconf 84' lang='lat' dir='ltr'><strong>abire?</strong></span> <span class='ocrx_word' id='word_1_86' title='bbox 851 1479 902 1557; x_wconf 88' lang='lat' dir='ltr'><strong>ah,</strong></span> <span class='ocrx_word' id='word_1_87' title='bbox 919 1479 1051 1543; x_wconf 85' lang='lat' dir='ltr'><strong>nimium</strong></span> <span class='ocrx_word' id='word_1_88' title='bbox 1069 1501 1120 1543; x_wconf 91' lang='lat' dir='ltr'><strong>me</strong></span> 
     </span>
     <span class='ocr_line' id='line_1_15' title="bbox 577 1573 857 1659; baseline 0.004 -21"><span class='ocrx_word' id='word_1_89' title='bbox 577 1573 736 1659; x_wconf 73' lang='lat' dir='ltr'><strong>ingratum</strong></span> <span class='ocrx_word' id='word_1_90' title='bbox 753 1587 857 1659; x_wconf 85' lang='lat' dir='ltr'><strong>putas.</strong></span> 
     </span>
     <span class='ocr_line' id='line_1_16' title="bbox 238 1667 1090 1736; baseline -0.004 0"><span class='ocrx_word' id='word_1_91' title='bbox 238 1669 306 1736; x_wconf 87' lang='lat' dir='ltr'><strong>Sed</strong></span> <span class='ocrx_word' id='word_1_92' title='bbox 321 1668 517 1735; x_wconf 75' lang='lat' dir='ltr'><strong>Bacchidem</strong></span> <span class='ocrx_word' id='word_1_93' title='bbox 534 1690 642 1734; x_wconf 80' lang='lat' dir='ltr'><strong>eccam</strong></span> <span class='ocrx_word' id='word_1_94' title='bbox 659 1669 754 1733; x_wconf 83' lang='lat' dir='ltr'><strong>uideo</strong></span> <span class='ocrx_word' id='word_1_95' title='bbox 772 1680 854 1734; x_wconf 85' lang='lat' dir='ltr'><strong>stare</strong></span> <span class='ocrx_word' id='word_1_96' title='bbox 872 1678 945 1734; x_wconf 80' lang='lat' dir='ltr'><strong>ante</strong></span> <span class='ocrx_word' id='word_1_97' title='bbox 961 1667 1090 1734; x_wconf 69' lang='lat' dir='ltr'><strong>estium:</strong></span> 
     </span>
     <span class='ocr_line' id='line_1_17' title="bbox 116 1761 1190 1849; baseline 0.005 -26"><span class='ocrx_word' id='word_1_98' title='bbox 116 1783 141 1824; x_wconf 82' lang='lat'><strong>15</strong></span> <span class='ocrx_word' id='word_1_99' title='bbox 238 1765 296 1828; x_wconf 92' lang='lat' dir='ltr'><strong>Me</strong></span> <span class='ocrx_word' id='word_1_100' title='bbox 314 1765 461 1849; x_wconf 75' lang='lat' dir='ltr'><strong>expectat</strong></span> <span class='ocrx_word' id='word_1_101' title='bbox 479 1762 587 1829; x_wconf 84' lang='lat' dir='ltr'><strong>eredo:</strong></span> <span class='ocrx_word' id='word_1_102' title='bbox 604 1762 709 1828; x_wconf 59' lang='lat' dir='ltr'><strong>adrbo.</strong></span> <span class='ocrx_word' id='word_1_103' title='bbox 736 1762 797 1827; x_wconf 73' lang='lat' dir='ltr'><strong>Bu.</strong></span> <span class='ocrx_word' id='word_1_104' title='bbox 817 1761 925 1840; x_wconf 82' lang='lat' dir='ltr'><strong>Salue,</strong></span> <span class='ocrx_word' id='word_1_105' title='bbox 942 1761 1120 1848; x_wconf 74' lang='lat' dir='ltr'><strong>Pamphile.</strong></span> <span class='ocrx_word' id='word_1_106' title='bbox 1138 1779 1190 1835; x_wconf 83' lang='lat'><strong>855</strong></span> 
     </span>
     <span class='ocr_line' id='line_1_18' title="bbox 152 1855 1010 1935; baseline -0.002 -11"><span class='ocrx_word' id='word_1_107' title='bbox 152 1856 279 1925; x_wconf 75' lang='lat' dir='ltr'><strong>ParaO</strong></span> <span class='ocrx_word' id='word_1_108' title='bbox 297 1857 444 1935; x_wconf 70' lang='lat' dir='ltr'><strong>Bacchis,</strong></span> <span class='ocrx_word' id='word_1_109' title='bbox 461 1879 481 1922; x_wconf 92' lang='grc' dir='ltr'>ο</span> <span class='ocrx_word' id='word_1_110' title='bbox 498 1879 570 1921; x_wconf 88' lang='lat' dir='ltr'><strong>mea</strong></span> <span class='ocrx_word' id='word_1_111' title='bbox 586 1855 732 1934; x_wconf 73' lang='lat' dir='ltr'><strong>Bacchis,</strong></span> <span class='ocrx_word' id='word_1_112' title='bbox 754 1858 909 1922; x_wconf 74' lang='lat' dir='ltr'><strong>seruatrhr</strong></span> <span class='ocrx_word' id='word_1_113' title='bbox 926 1857 1010 1922; x_wconf 85' lang='lat' dir='ltr'><strong>mea!</strong></span> 
     </span>
     <span class='ocr_line' id='line_1_19' title="bbox 154 1949 1120 2034; baseline -0.003 -16"><span class='ocrx_word' id='word_1_114' title='bbox 154 1955 213 2018; x_wconf 78' lang='lat' dir='ltr'><strong>Bu.</strong></span> <span class='ocrx_word' id='word_1_115' title='bbox 236 1954 325 2017; x_wconf 91' lang='lat' dir='ltr'><strong>Bene</strong></span> <span class='ocrx_word' id='word_1_116' title='bbox 344 1951 464 2014; x_wconf 75' lang='lat' dir='ltr'><strong>factum</strong></span> <span class='ocrx_word' id='word_1_117' title='bbox 482 1961 513 2015; x_wconf 83' lang='lat' dir='ltr'><strong>et</strong></span> <span class='ocrx_word' id='word_1_118' title='bbox 530 1950 628 2034; x_wconf 90' lang='lat' dir='ltr'><strong>uolup</strong></span> <span class='ocrx_word' id='word_1_119' title='bbox 642 1962 700 2014; x_wconf 88' lang='lat' dir='ltr'><strong>est.</strong></span> <span class='ocrx_word' id='word_1_120' title='bbox 726 1950 810 2014; x_wconf 72' lang='lat' dir='ltr'><strong>Pau.</strong></span> <span class='ocrx_word' id='word_1_121' title='bbox 825 1949 933 2016; x_wconf 70' lang='lat' dir='ltr'><strong>Factis</strong></span> <span class='ocrx_word' id='word_1_122' title='bbox 946 1963 982 2015; x_wconf 87' lang='lat' dir='ltr'><strong>ut</strong></span> <span class='ocrx_word' id='word_1_123' title='bbox 994 1950 1120 2016; x_wconf 73' lang='lat' dir='ltr'><strong>credam</strong></span> 
     </span>
     <span class='ocr_line' id='line_1_20' title="bbox 576 2043 669 2121; baseline 0.022 -15"><span class='ocrx_word' id='word_1_124' title='bbox 576 2043 669 2121; x_wconf 82' lang='lat' dir='ltr'><strong>faeis3</strong></span> 
     </span>
     <span class='ocr_line' id='line_1_21' title="bbox 128 2137 1052 2224; baseline -0.001 -19"><span class='ocrx_word' id='word_1_125' title='bbox 128 2179 129 2183; x_wconf 63' lang='lat'><em>=</em></span> <span class='ocrx_word' id='word_1_126' title='bbox 238 2141 479 2224; x_wconf 82' lang='lat' dir='ltr'><strong>Antiquamque</strong></span> <span class='ocrx_word' id='word_1_127' title='bbox 495 2137 576 2202; x_wconf 86' lang='lat' dir='ltr'><strong>adeo</strong></span> <span class='ocrx_word' id='word_1_128' title='bbox 593 2139 682 2202; x_wconf 71' lang='lat' dir='ltr'><strong>tuam</strong></span> <span class='ocrx_word' id='word_1_129' title='bbox 700 2148 899 2203; x_wconf 88' lang='lat' dir='ltr'><strong>uenustatem</strong></span> <span class='ocrx_word' id='word_1_130' title='bbox 917 2139 1052 2218; x_wconf 67' lang='lat' dir='ltr'><strong>ebtinea</strong></span> 
     </span>
     <span class='ocr_line' id='line_1_22' title="bbox 118 2231 1120 2319; baseline -0.002 -18"><span class='ocrx_word' id='word_1_131' title='bbox 118 2273 120 2280; x_wconf 95' lang='lat'>·</span> <span class='ocrx_word' id='word_1_132' title='bbox 237 2234 283 2302; x_wconf 88' lang='lat' dir='ltr'><strong>Vt</strong></span> <span class='ocrx_word' id='word_1_133' title='bbox 304 2232 461 2318; x_wconf 68' lang='lat' dir='ltr'><strong>udluptati</strong></span> <span class='ocrx_word' id='word_1_134' title='bbox 482 2231 598 2309; x_wconf 84' lang='lat' dir='ltr'><strong>obitus,</strong></span> <span class='ocrx_word' id='word_1_135' title='bbox 625 2233 739 2309; x_wconf 77' lang='lat' dir='ltr'><strong>sermo,</strong></span> <span class='ocrx_word' id='word_1_136' title='bbox 767 2232 923 2298; x_wconf 89' lang='lat' dir='ltr'><strong>aduentus</strong></span> <span class='ocrx_word' id='word_1_137' title='bbox 948 2234 1031 2312; x_wconf 78' lang='lat' dir='ltr'><strong>tuos,</strong></span> <span class='ocrx_word' id='word_1_138' title='bbox 1057 2256 1120 2319; x_wconf 93' lang='lat' dir='ltr'><strong>quo</strong></span> 
     </span>
     <span class='ocr_line' id='line_1_23' title="bbox 552 2326 932 2413; baseline 0.003 -22"><span class='ocrx_word' id='word_1_139' title='bbox 552 2348 737 2413; x_wconf 69' lang='lat' dir='ltr'><strong>¹,quomque</strong></span> <span class='ocrx_word' id='word_1_140' title='bbox 755 2326 932 2404; x_wconf 71' lang='lat' dir='ltr'><strong>adueneris,</strong></span> 
     </span>
     <span class='ocr_line' id='line_1_24' title="bbox 113 2420 1190 2508; baseline 0.006 -27"><span class='ocrx_word' id='word_1_141' title='bbox 113 2442 140 2482; x_wconf 83' lang='lat' dir='ltr'><strong>aa</strong></span> <span class='ocrx_word' id='word_1_142' title='bbox 238 2420 373 2507; x_wconf 76' lang='lat' dir='ltr'><strong>Semper</strong></span> <span class='ocrx_word' id='word_1_143' title='bbox 390 2420 440 2486; x_wconf 87' lang='lat' dir='ltr'><strong>sit.</strong></span> <span class='ocrx_word' id='word_1_144' title='bbox 480 2421 540 2484; x_wconf 75' lang='lat' dir='ltr'><strong>BA.</strong></span> <span class='ocrx_word' id='word_1_145' title='bbox 562 2422 610 2485; x_wconf 82' lang='lat' dir='ltr'><strong>At</strong></span> <span class='ocrx_word' id='word_1_146' title='bbox 629 2432 663 2485; x_wconf 76' lang='lat' dir='ltr'><strong>tu</strong></span> <span class='ocrx_word' id='word_1_147' title='bbox 682 2423 803 2485; x_wconf 74' lang='lat' dir='ltr'><strong>ecastor</strong></span> <span class='ocrx_word' id='word_1_148' title='bbox 819 2443 940 2486; x_wconf 90' lang='lat' dir='ltr'><strong>morem</strong></span> <span class='ocrx_word' id='word_1_149' title='bbox 957 2424 1120 2508; x_wconf 83' lang='lat' dir='ltr'><strong>antiquom</strong></span> <span class='ocrx_word' id='word_1_150' title='bbox 1137 2441 1190 2495; x_wconf 74' lang='lat'><strong>860</strong></span> 
     </span>
     <span class='ocr_line' id='line_1_25' title="bbox 576 2515 1005 2602; baseline 0.005 -23"><span class='ocrx_word' id='word_1_151' title='bbox 576 2527 671 2599; x_wconf 87' lang='lat' dir='ltr'><strong>atque</strong></span> <span class='ocrx_word' id='word_1_152' title='bbox 689 2515 854 2602; x_wconf 85' lang='lat' dir='ltr'>ingenium</span> <span class='ocrx_word' id='word_1_153' title='bbox 871 2515 1005 2593; x_wconf 83' lang='lat' dir='ltr'><strong>6btines‚</strong></span> 
     </span>
     <span class='ocr_line' id='line_1_26' title="bbox 237 2609 1120 2694; baseline -0.003 -16"><span class='ocrx_word' id='word_1_154' title='bbox 237 2611 283 2678; x_wconf 83' lang='lat' dir='ltr'><strong>Vt</strong></span> <span class='ocrx_word' id='word_1_155' title='bbox 302 2609 385 2674; x_wconf 72' lang='lat' dir='ltr'><strong>unus</strong></span> <span class='ocrx_word' id='word_1_156' title='bbox 408 2609 548 2674; x_wconf 90' lang='lat' dir='ltr'><strong>omnium</strong></span> <span class='ocrx_word' id='word_1_157' title='bbox 570 2609 665 2674; x_wconf 72' lang='lat' dir='ltr'><strong>humo</strong></span> <span class='ocrx_word' id='word_1_158' title='bbox 687 2619 718 2673; x_wconf 89' lang='lat' dir='ltr'><strong>te</strong></span> <span class='ocrx_word' id='word_1_159' title='bbox 739 2609 829 2673; x_wconf 85' lang='lat' dir='ltr'><strong>uiuat</strong></span> <span class='ocrx_word' id='word_1_160' title='bbox 845 2610 1018 2694; x_wconf 73' lang='lat' dir='ltr'><strong>numquam</strong></span> <span class='ocrx_word' id='word_1_161' title='bbox 1035 2610 1120 2694; x_wconf 89' lang='lat' dir='ltr'><strong>quis-</strong></span> 
     </span>
     <span class='ocr_line' id='line_1_27' title="bbox 575 2703 843 2786; baseline 0 -19"><span class='ocrx_word' id='word_1_162' title='bbox 575 2724 671 2786; x_wconf 84' lang='lat' dir='ltr'>quam</span> <span class='ocrx_word' id='word_1_163' title='bbox 689 2703 843 2768; x_wconf 75' lang='lat' dir='ltr'><strong>blandior.</strong></span> 
     </span>
     <span class='ocr_line' id='line_1_28' title="bbox 152 2795 1120 2876; baseline 0.003 -15"><span class='ocrx_word' id='word_1_164' title='bbox 152 2797 235 2861; x_wconf 75' lang='lat' dir='ltr'><strong>Pau.</strong></span> <span class='ocrx_word' id='word_1_165' title='bbox 249 2795 418 2874; x_wconf 72' lang='lat' dir='ltr'><strong>Hahahae,</strong></span> <span class='ocrx_word' id='word_1_166' title='bbox 431 2796 547 2861; x_wconf 84' lang='lat' dir='ltr'><strong>tuumi</strong></span> <span class='ocrx_word' id='word_1_167' title='bbox 559 2797 660 2860; x_wconf 80' lang='lat' dir='ltr'><strong>istuc?</strong></span> <span class='ocrx_word' id='word_1_168' title='bbox 686 2797 746 2860; x_wconf 73' lang='lat' dir='ltr'><strong>Bu.</strong></span> <span class='ocrx_word' id='word_1_169' title='bbox 765 2796 865 2862; x_wconf 75' lang='lat' dir='ltr'><strong>Recte</strong></span> <span class='ocrx_word' id='word_1_170' title='bbox 883 2799 1006 2876; x_wconf 85' lang='lat' dir='ltr'><strong>amasti,</strong></span> <span class='ocrx_word' id='word_1_171' title='bbox 1022 2798 1120 2864; x_wconf 69' lang='lat' dir='ltr'><strong>Pam-</strong></span> 
     </span>
     <span class='ocr_line' id='line_1_29' title="bbox 574 2889 941 2977; baseline 0.005 -24"><span class='ocrx_word' id='word_1_172' title='bbox 574 2889 671 2977; x_wconf 87' lang='lat' dir='ltr'><strong>phile,</strong></span> <span class='ocrx_word' id='word_1_173' title='bbox 689 2892 820 2955; x_wconf 76' lang='lat' dir='ltr'><strong>uxorem</strong></span> <span class='ocrx_word' id='word_1_174' title='bbox 839 2903 941 2970; x_wconf 80' lang='lat' dir='ltr'><strong>tuam3</strong></span> 
     </span>
     <span class='ocr_line' id='line_1_30' title="bbox 236 2983 1119 3067; baseline 0.006 -20"><span class='ocrx_word' id='word_1_175' title='bbox 236 2983 321 3047; x_wconf 90' lang='lat' dir='ltr'><strong>Nam</strong></span> <span class='ocrx_word' id='word_1_176' title='bbox 338 2984 511 3067; x_wconf 73' lang='lat' dir='ltr'><strong>numquam</strong></span> <span class='ocrx_word' id='word_1_177' title='bbox 529 2994 602 3048; x_wconf 86' lang='lat' dir='ltr'><strong>aute</strong></span> <span class='ocrx_word' id='word_1_178' title='bbox 619 2983 704 3048; x_wconf 84' lang='lat' dir='ltr'><strong>hune</strong></span> <span class='ocrx_word' id='word_1_179' title='bbox 722 2984 806 3049; x_wconf 74' lang='lat' dir='ltr'><strong>diem</strong></span> <span class='ocrx_word' id='word_1_180' title='bbox 823 2986 901 3050; x_wconf 88' lang='lat' dir='ltr'><strong>meis</strong></span> <span class='ocrx_word' id='word_1_181' title='bbox 919 2985 1019 3050; x_wconf 86' lang='lat' dir='ltr'><strong>oculis</strong></span> <span class='ocrx_word' id='word_1_182' title='bbox 1038 2989 1119 3066; x_wconf 74' lang='lat' dir='ltr'><strong>eam,</strong></span> 
     </span>
     <span class='ocr_line' id='line_1_31' title="bbox 575 3076 991 3161; baseline 0.01 -20"><span class='ocrx_word' id='word_1_183' title='bbox 575 3077 662 3161; x_wconf 89' lang='lat' dir='ltr'><strong>quod</strong></span> <span class='ocrx_word' id='word_1_184' title='bbox 679 3076 816 3156; x_wconf 78' lang='lat' dir='ltr'><strong>uossem,</strong></span> <span class='ocrx_word' id='word_1_185' title='bbox 834 3078 991 3145; x_wconf 74' lang='lat' dir='ltr'><strong>uideram:</strong></span> 
     </span>
     <span class='ocr_line' id='line_1_32' title="bbox 236 3155 1118 3241; baseline 0.007 -7"><span class='ocrx_word' id='word_1_186' title='bbox 236 3169 438 3234; x_wconf 83' lang='lat' dir='ltr'><strong>Perliberalis</strong></span> <span class='ocrx_word' id='word_1_187' title='bbox 456 3171 565 3235; x_wconf 81' lang='lat' dir='ltr'><strong>uisast.</strong></span> <span class='ocrx_word' id='word_1_188' title='bbox 595 3170 678 3235; x_wconf 74' lang='lat' dir='ltr'><strong>Pau.</strong></span> <span class='ocrx_word' id='word_1_189' title='bbox 697 3169 761 3235; x_wconf 90' lang='lat' dir='ltr'><strong>Die</strong></span> <span class='ocrx_word' id='word_1_190' title='bbox 773 3195 894 3237; x_wconf 89' lang='lat' dir='ltr'><strong>uerum.</strong></span> <span class='ocrx_word' id='word_1_191' title='bbox 926 3174 986 3237; x_wconf 76' lang='lat' dir='ltr'><strong>Ba,</strong></span> <span class='ocrx_word' id='word_1_192' title='bbox 1004 3155 1054 3238; x_wconf 68' lang='lat' dir='ltr'><strong>Ra</strong></span> <span class='ocrx_word' id='word_1_193' title='bbox 1068 3199 1118 3241; x_wconf 91' lang='lat' dir='ltr'><strong>me</strong></span> 
     </span>
     <span class='ocr_line' id='line_1_33' title="bbox 575 3263 935 3352; baseline 0.006 -24"><span class='ocrx_word' id='word_1_194' title='bbox 575 3263 607 3328; x_wconf 86' lang='lat' dir='ltr'><strong>di</strong></span> <span class='ocrx_word' id='word_1_195' title='bbox 625 3277 742 3341; x_wconf 88' lang='lat' dir='ltr'><strong>ament,</strong></span> <span class='ocrx_word' id='word_1_196' title='bbox 759 3265 935 3352; x_wconf 75' lang='lat' dir='ltr'><strong>Pamphile.</strong></span> 
     </span>
     <span class='ocr_line' id='line_1_34' title="bbox 114 3356 1187 3448; baseline 0.011 -32"><span class='ocrx_word' id='word_1_197' title='bbox 114 3375 140 3416; x_wconf 81' lang='lat' dir='ltr'><strong>as</strong></span> <span class='ocrx_word' id='word_1_198' title='bbox 153 3358 234 3422; x_wconf 72' lang='lat' dir='ltr'><strong>Pau.</strong></span> <span class='ocrx_word' id='word_1_199' title='bbox 250 3356 313 3422; x_wconf 87' lang='lat' dir='ltr'><strong>Die</strong></span> <span class='ocrx_word' id='word_1_200' title='bbox 327 3357 381 3435; x_wconf 87' lang='lat' dir='ltr'><strong>mi,</strong></span> <span class='ocrx_word' id='word_1_201' title='bbox 398 3357 511 3422; x_wconf 71' lang='lat' dir='ltr'><strong>harum</strong></span> <span class='ocrx_word' id='word_1_202' title='bbox 523 3381 629 3422; x_wconf 90' lang='lat' dir='ltr'><strong>rerum</strong></span> <span class='ocrx_word' id='word_1_203' title='bbox 647 3360 724 3422; x_wconf 79' lang='lat' dir='ltr'><strong>num</strong></span> <span class='ocrx_word' id='word_1_204' title='bbox 742 3360 819 3442; x_wconf 89' lang='lat' dir='ltr'><strong>quid</strong></span> <span class='ocrx_word' id='word_1_205' title='bbox 836 3361 914 3424; x_wconf 80' lang='lat' dir='ltr'>dixti</span> <span class='ocrx_word' id='word_1_206' title='bbox 931 3362 1001 3426; x_wconf 71' lang='lat' dir='ltr'><strong>med</strong></span> <span class='ocrx_word' id='word_1_207' title='bbox 1018 3364 1119 3448; x_wconf 76' lang='lat' dir='ltr'><strong>patri?</strong></span> <span class='ocrx_word' id='word_1_208' title='bbox 1135 3373 1187 3428; x_wconf 83' lang='grc'><strong>865</strong></span> 
     </span>
     <span class='ocr_line' id='line_1_35' title="bbox 574 3451 1118 3541; baseline 0.011 -27"><span class='ocrx_word' id='word_1_209' title='bbox 574 3453 635 3515; x_wconf 73' lang='grc' dir='ltr'><strong>ΒΑ.</strong></span> <span class='ocrx_word' id='word_1_210' title='bbox 652 3451 717 3516; x_wconf 90' lang='lat' dir='ltr'><strong>Nil.</strong></span> <span class='ocrx_word' id='word_1_211' title='bbox 747 3453 830 3517; x_wconf 73' lang='lat' dir='ltr'><strong>Pau.</strong></span> <span class='ocrx_word' id='word_1_212' title='bbox 848 3454 962 3538; x_wconf 75' lang='lat' dir='ltr'><strong>Neque</strong></span> <span class='ocrx_word' id='word_1_213' title='bbox 979 3477 1059 3541; x_wconf 89' lang='lat' dir='ltr'><strong>opus</strong></span> <span class='ocrx_word' id='word_1_214' title='bbox 1072 3467 1118 3522; x_wconf 79' lang='lat' dir='ltr'><strong>est</strong></span> 
     </span>
     <span class='ocr_line' id='line_1_36' title="bbox 236 3544 1118 3630; baseline 0.008 -23"><span class='ocrx_word' id='word_1_215' title='bbox 236 3544 329 3608; x_wconf 72' lang='lat' dir='ltr'><strong>Ades</strong></span> <span class='ocrx_word' id='word_1_216' title='bbox 350 3545 485 3610; x_wconf 77' lang='lat' dir='ltr'><strong>muttito.</strong></span> <span class='ocrx_word' id='word_1_217' title='bbox 520 3545 625 3630; x_wconf 75' lang='lat' dir='ltr'><strong>placet</strong></span> <span class='ocrx_word' id='word_1_218' title='bbox 646 3567 710 3609; x_wconf 90' lang='lat' dir='ltr'><strong>non</strong></span> <span class='ocrx_word' id='word_1_219' title='bbox 732 3547 799 3611; x_wconf 88' lang='lat' dir='ltr'><strong>fieri</strong></span> <span class='ocrx_word' id='word_1_220' title='bbox 821 3547 881 3613; x_wconf 86' lang='lat' dir='ltr'><strong>hoe</strong></span> <span class='ocrx_word' id='word_1_221' title='bbox 901 3549 1012 3615; x_wconf 77' lang='lat' dir='ltr'><strong>itidem</strong></span> <span class='ocrx_word' id='word_1_222' title='bbox 1033 3561 1069 3615; x_wconf 83' lang='lat' dir='ltr'><strong>ut</strong></span> <span class='ocrx_word' id='word_1_223' title='bbox 1084 3551 1118 3614; x_wconf 88' lang='lat' dir='ltr'><strong>in</strong></span> 
     </span>
     <span class='ocr_line' id='line_1_37' title="bbox 575 3639 755 3717; baseline 0.006 -14"><span class='ocrx_word' id='word_1_224' title='bbox 575 3639 755 3717; x_wconf 74' lang='lat' dir='ltr'><strong>comoediis,</strong></span> 
     </span>
    </p>
   </div>
   <div class='ocr_carea' id='block_1_3' title="bbox 138 3727 1119 4110">
    <p class='ocr_par' dir='ltr' id='par_1_3' title="bbox 138 3727 1119 4110">
     <span class='ocr_line' id='line_1_38' title="bbox 238 3727 1119 3825; baseline 0.015 -33"><span class='ocrx_word' id='word_1_225' title='bbox 238 3727 357 3795; x_wconf 87' lang='lat' dir='ltr'><strong>Omnia</strong></span> <span class='ocrx_word' id='word_1_226' title='bbox 375 3733 483 3798; x_wconf 72' lang='lat' dir='ltr'><strong>emnes</strong></span> <span class='ocrx_word' id='word_1_227' title='bbox 501 3733 556 3798; x_wconf 90' lang='lat' dir='ltr'><strong>ubi</strong></span> <span class='ocrx_word' id='word_1_228' title='bbox 573 3736 755 3799; x_wconf 79' lang='lat' dir='ltr'><strong>resciscunt.</strong></span> <span class='ocrx_word' id='word_1_229' title='bbox 783 3735 835 3801; x_wconf 88' lang='lat' dir='ltr'><strong>hie</strong></span> <span class='ocrx_word' id='word_1_230' title='bbox 847 3758 927 3821; x_wconf 92' lang='lat' dir='ltr'><strong>quos</strong></span> <span class='ocrx_word' id='word_1_231' title='bbox 940 3737 1045 3804; x_wconf 78' lang='lat' dir='ltr'><strong>fuerat</strong></span> <span class='ocrx_word' id='word_1_232' title='bbox 1060 3761 1119 3825; x_wconf 90' lang='lat' dir='ltr'><strong>par</strong></span> 
     </span>
     <span class='ocr_line' id='line_1_39' title="bbox 574 3830 752 3907; baseline 0.006 -14"><span class='ocrx_word' id='word_1_233' title='bbox 574 3830 752 3907; x_wconf 81' lang='lat' dir='ltr'><strong>resciscere,</strong></span> 
     </span>
     <span class='ocr_line' id='line_1_40' title="bbox 138 3916 1117 4017; baseline 0.011 -34"><span class='ocrx_word' id='word_1_234' title='bbox 138 3922 145 3933; x_wconf 88' lang='lat'>&#39;</span> <span class='ocrx_word' id='word_1_235' title='bbox 236 3916 363 3999; x_wconf 66' lang='lat' dir='ltr'><strong>Scifiut3</strong></span> <span class='ocrx_word' id='word_1_236' title='bbox 391 3941 471 4009; x_wconf 87' lang='lat' dir='ltr'><strong>quos</strong></span> <span class='ocrx_word' id='word_1_237' title='bbox 493 3944 557 3987; x_wconf 91' lang='lat' dir='ltr'><strong>non</strong></span> <span class='ocrx_word' id='word_1_238' title='bbox 579 3935 685 3986; x_wconf 83' lang='lat' dir='ltr'><strong>autem</strong></span> <span class='ocrx_word' id='word_1_239' title='bbox 707 3925 872 4009; x_wconf 78' lang='lat' dir='ltr'><strong>aequomst</strong></span> <span class='ocrx_word' id='word_1_240' title='bbox 893 3926 988 4003; x_wconf 86' lang='lat' dir='ltr'><strong>seire,</strong></span> <span class='ocrx_word' id='word_1_241' title='bbox 1013 3929 1117 4017; x_wconf 76' lang='lat' dir='ltr'><strong>neque</strong></span> 
     </span>
     <span class='ocr_line' id='line_1_41' title="bbox 576 4015 1007 4110; baseline 0.019 -30"><span class='ocrx_word' id='word_1_242' title='bbox 576 4015 748 4089; x_wconf 72' lang='lat' dir='ltr'><strong>resciscent</strong></span> <span class='ocrx_word' id='word_1_243' title='bbox 761 4019 873 4110; x_wconf 68' lang='lat' dir='ltr'><strong>neque</strong></span> <span class='ocrx_word' id='word_1_244' title='bbox 888 4019 1007 4090; x_wconf 40' lang='lat' dir='ltr'><strong>seusu&amp;</strong></span> 
     </span>
    </p>
   </div>
   <div class='ocr_carea' id='block_1_4' title="bbox 0 0 1306 4432">
    <p class='ocr_par' dir='ltr' id='par_1_4' title="bbox 0 0 1306 4432">
     <span class='ocr_line' id='line_1_42' title="bbox 0 0 1306 4432; baseline 0 0"><span class='ocrx_word' id='word_1_245' title='bbox 0 0 1306 4432; x_wconf 95' lang='lat' dir='ltr'><strong> </strong></span> 
     </span>
    </p>
   </div>
  </div>
 </body>
</html>
