2602 4432
104 240 184 313 mo
536 242 742 302 nvnvcflvs
1061 230 1123 297 133

154 354 224 431 ΤΗ.4
237 347 284 431 lt
301 367 386 432 enim
404 389 492 446 oaue,
510 389 551 433 ne
567 369 656 453 prius
676 389 773 452 quam
790 367 872 432 hane
890 390 909 431 a
924 390 976 434 me
989 368 1124 454 accipias

578 461 714 539 amittis,
733 459 902 540 Chremem

239 552 323 619 Nam
336 553 415 620 hade
432 566 510 632 east,
525 576 621 639 quam
634 556 724 620 miles
738 579 758 621 a
772 578 822 622 me
835 559 869 619 ui
882 577 968 620 nuno
981 556 1123 641 ereptrim

579 649 676 715 uenit.

117 754 144 799 1⁶
240 740 308 806 Abi
320 742 366 820 tri,
385 742 547 820 cistellam,
561 741 706 829 Pythias,
722 742 817 809 domo
831 741 913 808 ecfer
926 764 998 807 eum
1011 764 1124 807 monu-

578 836 702 902 mentis.

156 923 216 993 Cn.
240 927 344 996 Viden
367 930 522 1009 millum,
546 930 655 1020 Thais,¹
689 930 748 994 Pr.
770 909 834 996 Vbi
856 929 964 994 sitast?
1005 929 1066 995 Tn.
1084 930 1124 995 In

577 1026 672 1089 rlsoo:
691 1022 800 1089 odiosa
817 1023 932 1089 cessas.

156 1110 216 1179 Cn.
237 1115 376 1183 Militem
393 1138 501 1183 seeum
518 1117 559 1182 od
577 1126 609 1183 te
625 1126 759 1201 quantas
778 1116 882 1202 copias
901 1116 1076 1181 addicere?
1140 1115 1192 1170 755

180 1268 183 1272 ,
238 1190 341 1277 altrat.
380 1210 440 1276 Tn.
467 1211 555 1276 Num
585 1211 809 1276 formidulosus
839 1210 969 1276 dbseoro
1001 1232 1049 1287 es,
1078 1209 1124 1274 mi

577 1304 692 1370 homo?
727 1302 787 1368 Cn.
804 1286 922 1391 Apage
939 1303 996 1368 sis:

238 1380 333 1487 Egon
350 1397 593 1464 formidulosus?
619 1409 743 1463 nemost
764 1396 927 1462 hdminum
948 1396 1002 1481 qui
1023 1397 1122 1474 uiuit,

578 1514 692 1557 mmus.

114 1584 214 1649 ann.
236 1566 344 1670 Atque
362 1585 406 1650 ita
424 1597 527 1672 opust.
572 1584 633 1653 Cn.
656 1585 722 1664 Ah,
744 1586 850 1650 metuo
868 1585 994 1670 qualem
1016 1585 1051 1648 tri
1071 1607 1123 1650 me

451 1699 453 1704 ·
577 1702 646 1746 esse
664 1679 823 1745 hominem
841 1682 1022 1745 existumes.

153 1770 213 1835 Ta.
236 1751 339 1837 lmmo
357 1772 418 1838 hoo
435 1773 588 1859 eogitdtor
606 1773 735 1859 quicum
752 1774 801 1839 res
820 1774 916 1850 tibist,
938 1775 1122 1859 peregrinus

577 1879 639 1945 eet3

237 1961 347 2025 Minus
360 1971 474 2047 potens
485 1983 581 2047 quam
593 1963 639 2040 to,
652 1961 757 2026 minus
770 1972 875 2038 notus,
889 1963 993 2027 minus
1007 1961 1122 2026 amieo-
1139 1971 1191 2026 760

576 2079 648 2120 rum
664 2056 717 2121 hle
733 2056 864 2121 habens.

154 2144 214 2213 Cn.
237 2146 312 2214 Solo
338 2149 428 2214 istue.
465 2149 523 2215 sed
547 2160 583 2214 tu
604 2149 690 2234 quod
713 2171 828 2214 oauere
853 2147 963 2235 possis,
990 2147 1122 2214 stultum

574 2243 740 2309 admittere
758 2254 815 2308 est.

235 2336 324 2401 Molo
351 2359 490 2423 egenos
512 2340 690 2423 prospicere
714 2359 810 2421 quam
831 2336 916 2401 huno
938 2335 1048 2400 ulcisci
1068 2358 1122 2400 aa·

575 2442 667 2517 cepta
683 2431 807 2495 inidria.

111 2538 139 2583 τᾶ
236 2521 288 2588 Ti
306 2523 359 2589 abi
377 2534 472 2608 atque
494 2524 607 2589 obsera
624 2524 738 2589 ostium
755 2524 850 2599 intus,
873 2522 950 2586 dom
971 2544 1031 2609 ego
1048 2521 1121 2587 hino

575 2630 754 2684 transcurro
771 2616 814 2681 ad
830 2616 950 2681 forum:

235 2710 316 2778 Volo
342 2731 403 2796 ego
429 2710 540 2776 adesse
566 2711 618 2776 hie
646 2710 819 2776 dduoeatos
849 2711 939 2775 nobis
964 2711 997 2775 in
1027 2711 1122 2776 turba

574 2805 643 2870 hdo.
687 2804 748 2870 ΤΗ.
766 2804 876 2869 Mane.

151 2894 211 2962 Cn.
233 2897 352 2961 Melius
374 2908 431 2963 est.
475 2898 538 2964 ΤΗ.
556 2896 688 2964 Omitte.
733 2898 793 2964 Cn.
817 2900 887 2963 Iam
908 2899 1013 2964 adero.
1058 2898 1118 2963 ΤΗ.
1137 2911 1188 2966 765

572 2992 626 3058 Nil
644 3015 723 3078 opus
741 3004 789 3058 est
806 2992 884 3070 istis,
903 2989 1067 3057 Chremes.

234 3086 305 3150 Hdo
331 3085 425 3150 modo
451 3085 511 3161 dio,
539 3087 677 3151 sororem
707 3086 793 3151 illam
820 3098 908 3151 tuam
934 3109 1003 3151 esse
1030 3088 1062 3151 et
1087 3096 1119 3152 te

572 3202 705 3265 paruam
721 3180 878 3267 uirginem

232 3253 398 3350 rlmisisse,
417 3274 502 3338 nime
520 3295 684 3360 cognosse.
711 3276 803 3359 signa
816 3274 956 3340 ostende.
979 3274 1118 3340 PnAd-

574 3369 657 3433 sr'rnt.
701 3367 761 3433 Tn.
781 3365 881 3453 Cape.

109 3479 136 3520 ao
234 3458 271 3527 Sl
287 3461 354 3525 uim
370 3460 476 3539 faoiet,
494 3463 527 3526 in
544 3461 593 3527 ius
612 3461 717 3526 ducito
735 3461 907 3540 hominem:
925 3460 1118 3526 intellextln?

572 3552 633 3620 Cn.
651 3556 767 3622 Probe.

147 3647 208 3713 Tm
230 3647 298 3714 For
324 3648 429 3714 animo
456 3650 535 3715 haee
561 3650 719 3736 praesenti
748 3650 845 3716 dieas.
891 3647 951 3715 Cn.
977 3649 1117 3715 Ficiam.

571 3744 632 3808 Tn.
650 3744 771 3810 Attolle
788 3744 928 3831 pallium.

231 3836 327 3916 Perii,
346 3836 419 3903 huie
436 3837 527 3924 ipsist
544 3839 623 3923 opus
641 3850 784 3923 patrono,
808 3839 903 3927 quem
921 3837 1118 3905 defensorem
1136 3854 1186 3912 770

572 3952 661 4025 paro.
