2602 4432
171 212 212 281 70
410 225 597 287 HEAVTON
614 223 891 287 TIMORVMENOS
1105 225 1187 299 111,1

100 356 151 410 430
171 349 230 416 Cu.
252 351 347 418 Valet
368 353 463 436 etque
486 351 575 416 uiuit.
610 351 678 415 Ma.
695 330 760 417 Vbi
782 363 884 417 namst
905 351 1043 436 quaeso?
1083 349 1144 416 Cu.

590 445 690 530 Apud
707 447 758 510 me
776 445 869 510 domi.

168 538 235 603 Ms.
253 539 348 605 Meus
363 539 497 627 gnatus?
520 537 580 604 Cn.
597 537 651 604 Sic
661 549 718 603 est.
740 539 807 603 Ma
818 541 934 606 Venit?
956 538 1134 605 0808818.

590 633 658 696 Mu.
679 631 783 698 Clinia

252 725 348 791 111888
365 727 471 791 uenit?
507 725 567 791 Cu.
585 726 674 791 Dixi.
710 728 777 792 Mu.
796 727 930 792 Remus:
950 729 1012 793 duo
1030 751 1080 793 me
1093 727 1135 792 ad

592 843 674 896 eum,
693 820 834 886 ebsecro.

170 912 230 978 Ca.
252 913 326 978 Non
344 916 411 979 uelt
429 926 460 979 te
478 914 556 979 seire
575 916 609 979 se
626 914 745 979 redisse
762 915 867 991 etiam,
886 916 918 980 et
936 926 1023 979 tuom

254 1006 468 1092 Conspectum
487 1007 617 1093 fugitat:
635 1009 763 1092 prepter
778 1019 943 1094 peccatum
961 1009 1022 1074 heo
1035 1009 1133 1084 timet,
1147 1023 1173 1066 2⁵

99 1107 151 1161 435
253 1100 303 1166 Ne
322 1101 376 1165 tria
394 1101 509 1165 duritia
527 1103 656 1184 antiqua
673 1102 727 1165 illa
744 1101 839 1166 etiam
857 1101 991 1166 adariota
1008 1101 1056 1167 sit

166 1195 234 1295 Mn.
252 1194 325 1259 Non
340 1205 373 1259 tu
386 1195 432 1259 ssli
445 1195 523 1259 dixti
536 1209 572 1259 ut
589 1194 710 1260 essem?
745 1193 805 1260 Cu.
823 1195 906 1260 Non.
940 1196 1008 1260 Mu.
1026 1193 1134 1277 Quam

589 1288 724 1366 obrem,
744 1287 916 1355 Chremes?

168 1380 227 1446 Ca.
251 1380 337 1461 Quia
355 1382 502 1467 pessume
519 1380 600 1446 istuo
617 1383 650 1445 iu
668 1393 699 1446 te
717 1393 812 1465 atque
829 1383 862 1447 in
879 1382 969 1447 illum
987 1382 1137 1459 aemulis,

253 1474 289 1539 Si
307 1477 338 1540 te
356 1487 420 1540 tam
439 1475 502 1539 leni
520 1487 550 1540 et
568 1478 652 1539 uicto
672 1498 740 1540 8888
758 1475 863 1540 animo
881 1477 1064 1542 ostenderis.

167 1569 234 1633 Mu
253 1568 327 1634 Non
352 1572 496 1654 pessum:
528 1567 604 1633 satis
630 1569 708 1647 iam,
736 1570 811 1634 88118
836 1581 927 1656 pater
953 1571 1050 1635 durus
1076 1569 1132 1635 fui.
1146 1589 1172 1630 ao

590 1660 650 1727 Cn.
670 1663 734 1741 Ah,

98 1771 149 1824 440
250 1757 432 1823 Vehemens
457 1755 491 1820 in
516 1767 682 1839 utramque
709 1760 841 1842 penem,
868 1758 1071 1835 Menedeme,
1098 1759 1133 1823 es

590 1849 693 1928 nimis,

251 1944 320 2007 Aut
337 1943 481 2027 lergitate
499 1943 596 2007 nimia
612 1953 667 2008 aut
684 1943 889 2029 parsimenia:

251 2037 289 2101 In
312 2037 444 2101 eendenr
465 2036 610 2102 fraudem
632 2060 672 2103 ex
694 2037 754 2102 hen
774 2061 808 2103 re
830 2049 925 2121 atque
948 2059 988 2101 ex
1009 2037 1064 2102 illa
1084 2039 1134 2102 in·

589 2131 685 2195 eides.

251 2225 395 2288 Primum
413 2223 488 2289 elim
506 2224 611 2310 potius
629 2228 726 2308 quem
742 2236 885 2310 paterere
902 2223 1005 2289 fflium

253 2315 454 2383 Commetare
472 2318 514 2382 ad
530 2318 757 2395 mulierculam,
775 2340 858 2402 qnae
875 2318 1004 2403 paululo
1146 2337 1173 2380 aa

136 2421 145 2428 '
251 2412 337 2476 Tum
355 2414 422 2476 eret
440 2423 586 2476 contenta
603 2413 740 2495 qualque
757 2423 847 2477 erant
863 2422 954 2496 grata
972 2411 1086 2487 emnia,

251 2505 454 2570 Proterruisti
472 2505 554 2570 hino.
591 2508 630 2570 ea
647 2515 755 2570 coacta
771 2505 913 2590 ingretiis

252 2600 384 2664 Postilla
401 2599 503 2685 eoepit
521 2601 640 2665 uictum
658 2600 755 2684 uolgo
772 2601 933 2683 quaerere.

252 2688 346 2757 Nunc
363 2693 459 2776 quem
477 2693 544 2758 sine
562 2715 679 2779 magno
696 2691 924 2758 intertrimento
941 2695 1005 2759 nen
1023 2704 1124 2780 potest

251 2786 385 2864 Haberi,
403 2787 528 2870 quiduis
547 2787 622 2852 (1888
639 2786 738 2873 cupis.
773 2810 847 2850 nam
864 2798 900 2852 ut
917 2788 953 2852 tir
970 2787 1061 2866 scias,
1145 2808 1172 2849 so

117 2899 132 2948 5
253 2880 358 2962 Quam
386 2903 423 2945 88
449 2882 533 2946 mino
558 2881 711 2946 instructa
735 2880 866 2965 pulchre
897 2883 937 2946 ad
962 2882 1133 2968 perniciem

592 2974 661 3052 siet,

247 3068 397 3159 ¹Primrim
414 3068 478 3132 iam
495 3068 624 3133 ancillas
642 3070 749 3133 seeum
772 3068 903 3133 adduxit
925 3068 996 3153 piris
1013 3070 1133 3146 decem,

254 3159 411 3226 Oneratas
430 3173 517 3227 ueste
536 3172 630 3245 atque
648 3163 738 3226 aero:
757 3174 883 3246 satrapa
902 3164 928 3226 si
946 3161 1006 3228 siet

253 3255 397 3333 Ametor,
415 3277 588 3338 numquam
606 3255 737 3319 ssifferre
754 3254 822 3318 eius
841 3256 985 3340 sumptim
1002 3268 1111 3340 queat;

252 3348 380 3413 Nedem
396 3362 432 3413 tu
449 3348 560 3434 possis.
595 3348 662 3411 Mu.
684 3331 784 3412 Estne
806 3370 844 3412 ea
861 3348 964 3413 intus?
999 3348 1059 3415 Cu.
1084 3350 1134 3418 Sit
1146 3370 1173 3411 45

591 3442 703 3526 rogas?

118 3546 147 3598 os
254 3533 356 3599 Sensi.
387 3557 461 3599 nam
479 3557 575 3598 unam
593 3544 623 3600 e'1'
639 3537 750 3623 cenam
767 3546 862 3617 atque
881 3533 947 3599 eius
966 3537 1132 3602 oemitibus

253 3628 352 3705 Dedi;
371 3627 456 3711 quod
477 3628 503 3691 si
522 3627 636 3693 iterum
653 3628 730 3691 mihi
748 3625 787 3691 sit
804 3627 919 3703 danda,
937 3629 1041 3692 actem
1059 3631 1128 3694 siet.

253 3721 335 3786 Nam
353 3732 388 3785 ut
406 3720 470 3785 8118
487 3720 640 3798 omittam,
658 3719 841 3805 py'tissando
858 3721 953 3785 medo
970 3721 1047 3785 mihi

253 3814 342 3896 Quid
358 3813 424 3878 uini
441 3813 618 3898 absumpsit
635 3812 695 3878 ‘sio
712 3812 785 3877 hoe'
804 3813 924 3890 dicons3
943 3817 1114 3900 ‘etsperurn5

252 3909 359 3984 Pater,
377 3908 438 3972 heo
455 3918 516 3972 est:
535 3907 621 3972 aliud
638 3905 740 3972 lenius
758 3906 849 3971 sodes
867 3907 969 3973 uide’i
1147 3931 1172 3972 oo

125 4013 132 4028 ¹
253 4003 365 4069 Releui
383 4001 467 4066 dolia
483 4001 599 4080 emnia,
618 4000 720 4067 omnis
738 4000 845 4068 serias.
