2602 4432
98 246 165 321 aa
201 282 204 287 -
392 246 579 308 nanvrora
597 245 876 305 rrrroavrrnnos
1075 232 1117 299 93

151 369 210 437 Cn.
236 354 347 438 lllmcri
369 373 473 459 cupid.
518 369 578 438 Cn.
600 370 695 436 Prius
718 392 837 455 quaeso
860 370 956 447 disce,
979 369 1056 454 quid
1078 370 1116 434 sit

234 541 301 626 Vbi
323 560 414 639 acies,
432 561 460 625 ei
477 468 748 646 displirlllllitrliita,
767 569 834 623 tum
851 558 931 623 istoc
947 559 1052 622 irritor.

111 671 138 712 ²⁰
151 652 206 721 Sr.
234 638 308 734 lire,
326 655 460 722 licetne?
478 653 538 720 Cn.
554 654 714 738 Liquere.
738 652 793 720 Sr.
807 653 854 717 At
871 662 949 717 tuto.
973 650 1034 717 Cn.
1051 652 1118 717 La-

574 771 680 833 quere.
703 745 759 813 Sr.
769 745 863 828 Quae
876 746 966 812 ietast
978 745 1118 832 prauitas

237 841 370 923 Quaeue
392 843 572 920 amentiae,
595 842 682 926 quod
697 841 828 927 peccaui
849 843 924 927 ego,
952 839 986 905 id
1008 840 1119 904 obesse

570 936 663 1001 hnic?
699 932 758 1011 Cn.
776 916 876 1001 ilicet.

118 1092 121 1097 .
235 1029 286 1096 Ne
304 1041 335 1096 te
353 1030 506 1096 admisce:
532 1033 626 1095 nemo
648 1040 790 1138 ancupat,
813 1027 909 1114 Syre,
931 1039 977 1093 te:
1003 1049 1062 1092 nec
1084 1037 1120 1091 lu
1136 1029 1188 1085 975

235 1217 305 1283 Nec
321 1214 518 1303 precatorem
535 1127 665 1304 perilli.
679 1122 753 1283 ngr.
772 1215 860 1298 Quid
873 1216 961 1303 agis?
987 1213 1048 1280 Cn.
1066 1214 1120 1279 Nil

236 1404 305 1470 Nec
336 1405 394 1470 libi
424 1427 483 1472 nec
509 1313 759 1485 ῆδίξηξιῗοῃῗὲε
790 1416 838 1471 eet
868 1406 1002 1489 aequom
1033 1401 1120 1485 quod

574 1499 656 1565 facie
674 1499 761 1564 mihi.

448 1771 644 1840 Carrrrno
704 1771 831 1838 Srars

454 1878 624 1922 rnrrnaarrs
710 1879 810 1922 arares

112 1985 139 2026 2⁵
153 1965 208 2034 Sr.
232 1947 342 2033 Abiit?
363 1967 437 2046 nah,
454 1970 583 2053 rogasse
601 1966 726 2044 uellem,
752 1964 811 2032 Cn.
829 1964 935 2047 Quid?
962 1962 1017 2032 Sr.
1035 1967 1119 2030 unde

573 2060 618 2124 mi
634 2062 775 2146 peterem
793 2060 912 2125 cibum:

236 2135 287 2220 lta
311 2177 368 2221 noa
395 2154 554 2220 alienauit.
581 2154 638 2218 tibi
662 2154 726 2218 iam
752 2154 883 2219 ennead
910 2175 1048 2219 sororem
1071 2153 1119 2218 in-

575 2248 700 2334 tellego.

153 2341 211 2408 Cn.
237 2343 353 2409 Aderin
378 2365 446 2409 rem
471 2341 611 2417 rediisse,
637 2343 674 2406 rit
699 2341 851 2427 periclum
877 2343 971 2407 etiam
993 2345 1014 2407 a
1034 2342 1118 2409 fame
1136 2352 1188 2407 980

574 2435 651 2500 mihi
669 2438 718 2512 sit,
738 2435 834 2521 Syrel

154 2530 209 2597 Sr.
235 2530 337 2597 Modo
353 2532 446 2596 liceat
462 2529 582 2608 uiuere,
600 2531 648 2594 est
665 2552 737 2614 spes
773 2529 829 2596 Cn.
849 2528 961 2611 Quae?
988 2530 1042 2597 Sr.
1060 2553 1118 2595 nos

575 2624 746 2689 e'suriturds
764 2623 850 2688 satis.

154 2717 212 2784 Cn
239 2718 361 2784 Inridee
383 2717 416 2782 in
438 2740 472 2784 re
495 2720 582 2783 tanta
602 2740 705 2802 neque
728 2740 779 2782 me
801 2717 929 2782 censilio
950 2718 1118 2802 quicquam

575 2811 726 2876 adiuuas?

114 2925 141 2966 ac
155 2905 209 2972 Sr.
237 2906 339 2970 Immo
361 2907 393 2970 et
414 2904 459 2969 ibi
480 2926 565 2970 nune
588 2928 658 2969 sum
680 2917 712 2970 et
732 2905 834 2988 risque
855 2905 888 2969 id
911 2905 962 2992 egi
988 2906 1117 2984 (lidum,

575 2998 649 3063 dum
667 2998 805 3082 loquitr'rr
822 3011 925 3085 pater3

237 3094 280 3159 Et
297 3096 451 3177 quantum
469 3115 529 3180 ego
552 3092 733 3178 intellegere
755 3114 894 3178 possum,
931 3091 988 3159 Cn.
1013 3093 1117 3174 Quid?

577 3185 632 3252 Sr.
650 3209 714 3251 non
731 3186 832 3251 aberit
848 3187 984 3274 ldngius.

107 3348 110 3353 ,
156 3279 214 3346 Cn.
244 3280 333 3362 Quid
357 3277 417 3368 [id]
443 3280 539 3366 ergo?
582 3278 636 3346 Sr.
661 3278 716 3346 Sic
737 3292 797 3347 esta
822 3283 887 3347 nen
913 3305 982 3347 esse
1007 3281 1119 3347 horum
1136 3291 1187 3346 985

575 3384 606 3440 te
631 3374 774 3442 arbitror.
824 3375 881 3440 Cn.
908 3375 996 3457 Quid
1026 3377 1118 3454 istrie,

579 3468 679 3553 Syre?

240 3562 329 3629 Satin
348 3565 443 3627 sanus
462 3564 514 3628 es?
537 3561 592 3627 Sr.
605 3562 677 3647 Ego
690 3561 802 3639 dicam,
821 3562 907 3645 quod
920 3562 964 3626 mi
981 3563 1013 3627 in
1031 3564 1119 3627 me'n-

576 3666 682 3720 temst:
701 3666 736 3719 tu
754 3655 900 3721 diir'rdica.

238 3749 328 3815 Dum
357 3750 424 3815 istis
451 3748 537 3814 fuisti
567 3749 667 3827 selus,
702 3749 778 3813 dum
808 3751 895 3815 nulla
924 3750 986 3815 alia
1017 3750 1119 3815 delec-

577 3842 664 3921 tatio,

115 3956 144 4000 aa
249 3936 341 4018 Quae
358 3936 486 4022 prepior
503 3947 595 4015 esset,
618 3948 649 4000 te
670 3936 886 4022 indulgebant,
908 3937 964 4002 tibi
986 3937 1118 4016 dabant3

577 4051 663 4097 nunc
680 4028 747 4094 filia
