2602 4432
106 206 227 306 uuae
540 230 745 292 uvuveuvs
812 237 813 241 ¹
1064 214 1124 281 121

243 358 317 422 Vna
333 359 379 423 ire
397 380 470 423 cum
488 355 590 421 amica
606 357 827 440 imperatorem
845 356 878 420 in
896 354 959 419 uia.
1143 354 1195 410 495

157 451 238 516 Tua.
249 450 338 533 Quid
355 452 412 517 tibi
431 473 491 538 ego
508 451 609 515 multa
625 450 748 514 dicam?
765 449 884 515 domini
902 447 1011 513 similis
1030 470 1073 513 es.

159 543 222 610 (ΞΝ.
243 545 411 611 Hahahae.
464 545 544 609 Tua.
576 541 664 625 Quid
689 543 792 609 rides?
837 542 899 611 Gn.
925 524 1015 608 istuc
1040 541 1125 627 quod

581 638 662 702 dixti
680 637 788 715 mod03

116 747 145 790 4⁵
242 732 286 797 Et
311 734 390 798 ilhid
421 734 461 798 de
491 731 618 796 Rhodio
649 732 769 796 dictum
799 751 897 816 quom
925 729 959 794 in
988 731 1125 795 mentem

547 856 549 860 ·
580 824 677 890 uenit.

242 918 308 986 Sed
330 919 428 984 Thets
455 919 529 985 exit.
577 920 658 984 Tua.
685 898 751 984 ibi
778 940 869 1004 prae,
901 939 977 983 cora
1002 926 1038 982 ut
1064 917 1125 980 sint

581 1013 667 1078 domi

240 1106 368 1172 Pareta.
413 1104 475 1174 Gn.
493 1107 577 1172 Fiat.
596 1144 637 1154 -
655 1107 715 1172 Tu.
733 1106 924 1191 Diligenter,
941 1104 1086 1190 Pythias,
1142 1109 1194 1165 500

241 1200 308 1266 Fac
326 1201 426 1279 adres,
446 1202 473 1266 si
490 1198 644 1267 Chremes
661 1200 723 1266 hoc
739 1200 822 1266 forte
839 1198 1011 1278 aduenerit,

241 1295 287 1359 Vt
309 1296 391 1372 eres,
418 1295 555 1381 prImum
581 1307 617 1361 ut
642 1296 765 1372 redeat3
792 1294 819 1360 si
843 1294 876 1359 id
901 1315 965 1358 non
987 1295 1126 1358 aemmo-

581 1391 697 1467 dumst,

118 1499 145 1542 ⁶0
242 1483 287 1550 Vt
304 1485 447 1561 meneat3
466 1483 492 1547 si
510 1482 542 1547 id
560 1506 623 1547 non
640 1482 766 1569 peterit,
785 1482 894 1548 adme
912 1481 1069 1546 addicito.

155 1576 214 1644 Pr.
236 1576 287 1641 Ita
304 1576 429 1641 seciam.
473 1577 534 1641 Tu.
560 1576 665 1658 Quid?
691 1577 770 1661 quid
790 1576 877 1641 eliud
899 1575 987 1641 uolui
1004 1575 1126 1641 dicere?

241 1670 355 1748 Ehem,
374 1671 481 1736 cerate
499 1671 592 1734 istam
609 1671 777 1757 diligenter
793 1671 963 1756 uirginem:
1143 1672 1195 1728 505

240 1763 340 1829 Domi
357 1764 466 1829 adsitis
487 1764 592 1830 facite.
635 1765 716 1829 Tus.
734 1763 866 1829 Eemus.
910 1764 971 1829 Tu.
990 1763 1058 1830 Vos
1074 1786 1126 1828 me

578 1857 756 1942 sequimini.

420 2043 619 2111 Onauuus
677 2045 867 2110 Pramus

423 2153 617 2196 inuasurus
702 2152 833 2197 ruamus

105 2231 225 2328 maCn.
244 2233 394 2299 Profecto
412 2245 531 2317 quanto
549 2234 651 2319 megis
668 2233 834 2320 magisque
853 2232 967 2318 cogito,
1242 2152 1278 2293 h

114 2328 119 2341 '
240 2327 282 2391 Ni
300 2329 415 2391 mirum
430 2327 518 2392 dabit
531 2327 610 2394 haec
623 2326 722 2394 Theis
735 2326 812 2392 mihi
826 2327 978 2413 magnem
991 2327 1124 2400 malum:

240 2421 292 2486 Ita
309 2423 360 2486 me
378 2420 472 2487 uideo
491 2423 532 2487 ab
550 2445 588 2487 ea
606 2422 708 2488 astdte
725 2421 956 2499 labefacterier,

239 2516 309 2580 Iam
326 2517 394 2580 tirm
412 2537 506 2598 quom
525 2516 662 2600 primum
675 2515 767 2580 idssit
782 2538 833 2581 mc
851 2516 892 2579 ad
911 2538 945 2580 se
962 2515 1124 2581 accersier.
1142 2527 1194 2585 510

241 2609 347 2697 Roget
370 2611 440 2692 quis
468 2609 560 2694 ‘quid
584 2609 630 2674 rei
656 2609 714 2673 tibi
740 2631 812 2674 cum
837 2608 923 2673 sslai’
949 2632 990 2674 ne
1015 2613 1126 2675 norem

583 2704 721 2786 quidem.

241 2797 307 2863 Vbi
323 2797 407 2873 ueni,
429 2819 568 2874 causam,
586 2810 622 2861 ut
638 2797 683 2862 ibi
699 2819 871 2872 manerem,
889 2797 1041 2882 repperit:

214 2957 216 2961 ,
242 2891 299 2954 Ait
315 2893 383 2956 rem
401 2891 542 2955 diuinam
559 2891 673 2956 fecisse
692 2902 723 2956 et
740 2913 808 2956 rem
826 2891 940 2954 seriam

240 2983 333 3050 Velle
350 2986 446 3071 egere
463 3007 598 3050 mecum.
635 2985 699 3049 iem
717 2994 784 3048 tum
803 2995 869 3049 erat
888 2984 1024 3070 suspicio

240 3078 325 3145 Dole
343 3078 427 3143 malo
446 3078 525 3143 haec
542 3079 610 3144 fieri
628 3078 743 3143 emnia.
779 3077 848 3163 ipsa
865 3078 1054 3144 udcdmberc
1143 3095 1194 3148 515
1272 3138 1274 3144 .

240 3174 381 3250 Mecium,
400 3173 476 3238 mihi
495 3195 564 3237 sese
583 3173 668 3249 dere,
688 3193 865 3236 sermonem
882 3173 1044 3256 quaerere.

241 3267 308 3332 Vbi
325 3267 430 3352 friget,
449 3267 512 3330 huc
530 3267 641 3343 euesit,
661 3287 757 3350 quam
774 3265 899 3351 pridem
916 3279 1007 3350 poter

240 3361 324 3426 Mihi
342 3373 372 3427 et
390 3362 490 3427 meter
506 3361 622 3425 mortui
640 3361 755 3426 essent.
792 3361 873 3439 dico,
891 3361 955 3424 iem
974 3362 1038 3426 diu.

241 3457 310 3521 Rus
327 3456 452 3540 ecquod
468 3455 604 3520 habeam
623 3452 704 3520 Srini
723 3466 754 3520 et
771 3477 868 3538 quam
885 3455 980 3541 longe
998 3457 1018 3519 e
1035 3457 1124 3523 mari.

131 3626 133 3630 .
242 3549 346 3614 Credo
365 3552 394 3614 ei
411 3550 535 3635 placere
553 3549 627 3613 hoc:
646 3551 752 3634 sperat
769 3571 803 3613 se
821 3571 841 3614 a
858 3571 909 3613 me
926 3550 1074 3614 auellere.
1141 3561 1193 3618 520

239 3645 416 3721 Postremo,
435 3665 536 3726 ecqua
553 3641 626 3708 inde
644 3645 744 3728 perua
760 3642 904 3727 periisset
921 3662 1022 3714 soror;

240 3736 359 3821 Ecquis
378 3760 451 3802 cum
468 3760 505 3802 ea
522 3760 599 3813 una;
623 3737 700 3819 quid
718 3735 890 3814 habuisset,
913 3735 1005 3820 quem
1029 3736 1122 3819 perit3

241 3831 360 3914 Ecquis
378 3854 448 3895 eam
466 3842 573 3916 posset
590 3832 730 3896 nescere.
758 3828 837 3895 haec
854 3852 934 3914 quor
953 3829 1124 3910 quaeritet?

240 3924 311 3989 Nisi
329 3924 354 3989 si
371 3926 425 3989 ssla
441 3924 521 3991 forte
539 3947 621 4010 quae
640 3925 715 3990 elim
732 3923 824 4008 periit
844 3923 976 4009 perucia

242 4017 349 4097 Soror,
368 4018 449 4086 henc
467 4041 501 4086 se
517 4018 651 4086 intendit
669 4021 749 4098 esse,
767 4020 816 4084 uti
832 4026 879 4084 est
898 4014 1039 4083 audecia.
1141 4023 1193 4079 525
