2602 4432
112 192 232 300 iaso
407 230 593 289 marcor
610 229 888 289 aruoavueros
1087 217 1130 286 85

248 352 322 418 Non
334 355 395 440 ego
409 353 551 419 dicebam
563 354 597 418 in
610 355 795 440 pdrpetuom
814 366 851 418 ut
863 355 950 421 illam
963 355 1009 421 iili
1026 357 1128 433 dares,

249 446 372 513 Verum
388 449 424 512 tit
441 447 615 512 simulares.
661 447 721 513 Cu.
747 447 820 512 Ndu
836 461 937 514 meast
955 450 1127 515 simulatio:

123 556 151 599 so
248 541 299 606 Ite
315 550 350 605 tu
366 543 464 606 istaec
481 551 537 606 tua
553 542 693 619 misceto,
711 563 752 606 ne
769 564 820 606 me
839 543 1022 606 admisceas.

248 634 342 719 Egon
360 637 435 719 quoi
452 635 582 699 daturus
600 635 662 699 ndu
680 657 761 712 sum,
781 645 817 699 ut
833 637 863 700 ei
880 634 1112 721 despdndcam?

163 723 218 795 Sr.
249 726 437 794 Oreddbam.
469 726 530 793 Cn.
547 728 704 793 Minume.
732 727 785 793 Sr.
805 726 892 795 Scite
906 740 1030 815 poterat
1042 729 1112 795 fieri
1118 754 1127 806 3
1146 737 1197 791 785

248 821 291 885 Et
309 844 369 908 ego
387 823 457 898 hdc,
475 821 688 906 quiadudum
705 822 741 885 tu
757 832 844 886 tanto
862 845 957 910 opere
973 826 1127 900 suaseras,

202 977 207 985 .
248 913 405 1001 Eoccdpi.
433 914 493 981 Cra
508 913 623 980 Credo.
651 913 704 980 Su.
721 913 872 981 Ceterum
881 917 1026 1002 equidem
1036 917 1127 995 istic,

585 1006 749 1088 Chremes,

122 1117 150 1159 so
248 1103 355 1187 Aequi
371 1101 509 1186 bonique
526 1101 619 1168 facio.
660 1101 720 1169 Os.
746 1104 848 1188 Atqui
864 1125 961 1187 quam
978 1105 1127 1168 maxume

246 1196 329 1262 Volo
346 1198 377 1262 te
396 1196 470 1262 dere
487 1219 615 1283 operam
632 1211 668 1263 ut
684 1198 752 1276 fiat,
769 1221 882 1262 uerum
900 1198 962 1262 alit
978 1199 1041 1262 uia„

162 1287 218 1356 Su.
249 1290 332 1369 Fiat,
350 1300 520 1374 quaeratur
536 1291 665 1375 aliquid.
702 1291 757 1356 sed
774 1292 854 1357 illud
871 1293 957 1375 quod
975 1292 1034 1356 tibi
1145 1298 1196 1353 790

246 1384 324 1450 Dixi
342 1384 381 1450 de
399 1397 541 1470 argento,
560 1385 646 1470 qudd
662 1385 723 1450 ista
740 1386 836 1451 debet
852 1385 1015 1464 Bacchidi,

246 1478 285 1543 Id
301 1478 388 1544 minc
404 1479 630 1544 reddendumst
646 1481 705 1544 illi:
724 1502 828 1564 neque
845 1491 880 1544 tu
898 1480 1016 1546 seilicet

120 1588 148 1630 «ὁ
245 1573 326 1638 Illirc
344 1573 523 1659 confugies:
542 1574 634 1656 ‘quid
651 1574 741 1638 mea?
758 1596 834 1637 num
852 1574 929 1639 mihi
948 1573 1105 1640 datumst?

246 1667 332 1731 Num
348 1667 445 1732 idssi?
462 1690 539 1745 num
556 1667 611 1731 illa
627 1669 835 1753 oppignerare
852 1668 952 1733 filiam

245 1760 356 1825 Medm
371 1782 423 1825 me
440 1760 540 1824 inuito
558 1761 692 1847 pdtuiti’
715 1783 827 1825 uerum
848 1761 937 1839 illdd,
961 1760 1125 1839 Chremes,
1144 1768 1195 1825 795

245 1853 378 1919 Dicunt:
393 1849 461 1919 ‘ius
479 1876 637 1918 summum
655 1855 750 1940 saepe
767 1867 920 1920 summast
936 1851 1073 1920 malitia?

161 1946 221 2014 Cu.
245 1948 342 2012 Haud
364 1946 489 2012 fdciam.
535 1945 603 2056 Su·
616 1947 719 2012 Immo
738 1948 807 2012 aliis
829 1949 960 2025 silicet,
982 1949 1040 2014 tibi
1061 1951 1126 2014 ndu

120 2154 147 2196 oo
246 2132 368 2199 Omnes
385 2146 417 2199 te
434 2133 467 2198 in
485 2134 572 2199 lauta
582 2041 656 2199 lddseet
661 2089 698 2200 ‘ct
715 2134 797 2200 bene
814 2148 906 2201 aucta
922 2138 955 2202 ri
972 2147 1094 2223 putant.

160 2227 221 2295 Cn.
244 2227 332 2310 Quin
354 2229 480 2313 egomet
500 2227 564 2291 iam
586 2228 627 2292 ad
653 2251 723 2293 eam
745 2229 895 2295 deferam.
941 2229 995 2296 Sr.
1023 2232 1125 2296 immo

583 2321 684 2386 filium

243 2416 324 2482 Iube
341 2415 454 2502 pitius.
487 2413 547 2480 ΟΠ.
566 2413 673 2498 Quam
692 2418 835 2483 obrem?
866 2416 920 2485 Sr.
940 2417 1025 2499 Quia
1041 2418 1124 2483 enim
1141 2425 1193 2480 800

580 2511 611 2574 in
631 2534 703 2575 eum
721 2512 888 2598 suspiciost

243 2603 410 2670 Translata
436 2602 560 2670 amoris.
606 2602 666 2669 On.
702 2604 790 2687 Quid
815 2607 903 2672 tum?
948 2606 1003 2673 Su.
1038 2606 1124 2689 Quia

579 2697 741 2763 uidebitur

241 2790 349 2878 Magis
366 2791 435 2856 ueri
452 2791 553 2857 simile
570 2790 603 2856 id
621 2794 700 2870 esse,
719 2813 814 2877 quom
832 2793 884 2858 hic
900 2795 946 2858 illi
963 2794 1064 2871 dabit3

118 2902 146 2946 oo
243 2885 286 2950 Et
304 2886 398 2951 simul
416 2885 580 2952 conficiam
599 2885 722 2951 facilius
740 2908 800 2973 ego
817 2888 904 2971 qudd
921 2888 1004 2952 uolo.

242 2977 316 3064 Ipse
329 2980 409 3045 adeo
422 2978 526 3044 adest:
540 2979 602 3057 abi,
616 2981 702 3047 ecfer
714 2992 891 3068 argentum.
919 2979 979 3046 On.
996 2965 1121 3048 idcicro.

436 3164 644 3234 Cu1r11³uo
710 3167 844 3234 Srsvs
901 3197 903 3201 ’

442 3273 636 3318 comessuris
717 3275 829 3319 suavos

103 3352 223 3422 saecu.
242 3353 367 3418 Nullast
383 3363 448 3418 tam
465 3354 568 3418 facilis
584 3355 645 3431 res,
663 3355 740 3438 quin
758 3356 893 3420 difficilis
911 3355 980 3432 siet,
1138 3362 1190 3417 805

243 3447 349 3529 Quom
366 3448 484 3512 inuitus
501 3447 609 3512 facias.
645 3448 697 3513 uel
714 3472 766 3513 me
783 3449 861 3514 haec
879 3450 1102 3530 deambulatio,

243 3541 350 3621 Quam
366 3541 429 3606 ndn
446 3540 617 3618 laboridsa,
637 3540 678 3605 ed
695 3541 879 3629 languorem
898 3544 993 3609 dedit.

240 3635 308 3700 Nec
324 3637 494 3720 quicquam
512 3635 614 3722 magis
632 3657 717 3700 nunc
734 3639 840 3702 metuo
854 3659 949 3722 quam
963 3662 1003 3703 ne
1017 3639 1120 3703 denuo

128 3747 144 3790 o
240 3728 342 3794 Miser
358 3729 464 3814 diiquo
482 3731 632 3795 extrudar
649 3729 732 3807 hinc,
754 3753 795 3795 ne
812 3732 960 3797 accedam
979 3733 1019 3796 ad
1037 3733 1120 3798 Bac·

576 3823 711 3888 chidem.

239 3919 284 3983 Vt
317 3918 349 3981 te
383 3915 511 4000 quidem
542 3918 572 3982 di
604 3916 746 4002 deaeque
781 3940 889 3984 omnes
925 3921 1117 4004 quantumst,
1135 3928 1188 3986 810

576 4009 669 4101 Syre,
