2602 4432
94 247 165 318 522
556 243 712 300 HEOYRA
1050 233 1115 298 229

149 369 212 435 Li.
234 369 352 435 Nostdr
373 385 472 446 socer,
499 366 608 484 ⁰³d⁸⁶3
630 368 733 478 penit:
759 371 859 455 pueri
884 370 1039 436 nutricem
1061 370 1116 434 ad·
1135 386 1186 440 770

51 521 58 532 i
110 574 154 619 ⁶.
234 558 404 644 Phidippe,
413 557 549 624 Bacchis
561 462 680 622 ‹iiiiiit
689 560 864 644 persancte.
895 558 955 622 Pu.
973 557 1117 623 Haecine

143 713 146 717 ,
571 653 657 717 east?
699 651 762 718 Le.
785 654 877 719 Haec
894 664 950 719 est.

148 745 209 811 Pu.
232 745 302 813 Nec
322 746 377 833 pdl
399 747 477 812 istae
499 758 643 812 metuont
659 745 734 813 detis
755 769 860 832 neque
882 747 939 813 has
961 749 1116 832 respicere

148 884 150 889 -
572 841 648 907 deos
666 843 787 928 opinor.

148 933 178 999 B
201 983 209 999 .
231 937 375 1001 Ancillae
393 934 490 1001 dedo:
509 935 663 1021 qudlubet
682 936 822 1001 cruciatu
838 958 895 1022 per
912 957 963 1000 me
977 936 1115 1019 exquire.

151 957 199 1209 ί
232 1031 325 1096 Haec
337 1031 388 1095 res
401 1029 453 1095 hic
466 1029 586 1117 agitur:
600 1029 770 1114 Pamphilo
782 1052 834 1095 me
847 1029 952 1096 facere
960 1039 996 1094 ut
1008 1030 1116 1096 redeat

570 1125 652 1189 rixor

234 1215 384 1304 Opdrtet:
403 1218 490 1301 quod
507 1218 533 1282 si
550 1217 689 1303 perficio,
707 1238 771 1281 non
785 1217 925 1305 paenitet
937 1240 988 1283 me
1001 1216 1115 1294 famae,
1134 1223 1185 1278 775

111 1328 136 1368 1⁰
235 1309 344 1376 Solam
374 1310 546 1377 fecisseid
572 1310 660 1395 qudd
691 1310 772 1376 aliae
802 1313 981 1377 meretrIces
1011 1309 1116 1375 facere

572 1402 720 1490 frigitant.

148 1496 209 1562 Le.
231 1497 401 1583 Phidippe‚
418 1507 540 1562 nostras
559 1497 706 1563 miiiieres
724 1488 886 1583 suspectas
903 1496 1001 1562 fuisse
1019 1496 1099 1562 fdiso

232 1591 333 1657 Nobis
351 1592 385 1657 in
401 1614 435 1657 re
452 1591 522 1677 ipsa
537 1590 732 1658 inuenimus:
748 1613 843 1678 porro
861 1592 943 1657 hinc
960 1613 1045 1656 nuuc
1062 1614 1117 1656 ex·

571 1685 740 1770 periimur.

231 1778 316 1844 Nam
343 1781 369 1844 si
396 1779 583 1865 compererit
608 1779 731 1844 crimini
757 1790 811 1844 tua
838 1777 888 1866 [se
914 1777 1008 1865 uxor]
1035 1779 1116 1843 filso

574 1873 754 1948 credidisse,

232 1967 368 2033 Missam
380 1969 460 2032 iram
474 1967 583 2045 faciet3
603 1968 661 2045 sin,
679 1979 714 2033 ut
727 1979 785 2045 est,
799 1966 841 2033 cb
855 1970 925 2032 esim
937 1989 1004 2032 rem
1017 1967 1116 2033 iratus
1133 1975 1185 2031 780

568 2062 706 2147 gnatust,

233 2154 329 2236 Quod
355 2155 477 2241 peperit
503 2177 584 2220 uxor
609 2156 701 2233 clam,
727 2156 761 2221 id
786 2156 902 2221 leuest:
930 2155 991 2221 cito
1013 2156 1056 2219 ab
1078 2177 1115 2220 eo

569 2249 649 2315 haec
666 2250 713 2314 ira
730 2250 891 2315 abscedet.

231 2343 380 2409 Profecto
402 2342 435 2408 in
458 2342 518 2409 hac
539 2365 574 2410 re
599 2345 643 2408 nii
665 2344 784 2423 malist,
811 2344 897 2429 quod
924 2345 964 2408 sit
985 2343 1115 2409 discidio

573 2436 716 2523 dignum.

145 2530 207 2595 Pu.
234 2531 340 2598 Velim
357 2531 484 2616 quidem
503 2531 616 2597 hercle.
653 2531 714 2596 La.
732 2531 889 2616 Exquire:
908 2531 1011 2597 adestr
1029 2535 1116 2618 quod

133 2632 136 2637 '
569 2626 646 2691 satis
665 2626 716 2704 sit,
725 2626 829 2705 ‚faciet
845 2627 924 2712 ipsa.

146 2719 207 2783 Pu.
234 2715 322 2800 Quid
336 2719 379 2782 mi
392 2720 489 2784 istaec
501 2721 628 2784 narras?
644 2722 686 2784 in
695 2716 776 2804 'quia
787 2742 852 2785 non
865 2732 900 2786 tu
912 2722 981 2807 ipse
995 2721 1115 2787 dudum

569 2814 694 2890 audisti,

231 2905 285 2971 De
297 2905 358 2970 hac
371 2927 405 2970 re
418 2905 541 2971 animus
555 2929 644 2973 meus
662 2919 698 2972 ut
715 2909 766 2986 sit,
784 2907 929 2974 Lachesi
946 2908 1006 2973 iilis
1019 2909 1115 2974 modo
1132 2914 1183 2969 785

569 3000 693 3086 explete
710 3003 863 3067 animum.
880 3041 924 3053 -

107 3115 133 3154 so
146 3096 208 3160 LA.
231 3092 361 3177 Quaeso
384 3093 507 3179 edepol,
532 3094 680 3173 Bacchis,
707 3095 795 3180 qudd
820 3095 897 3161 mihi
920 3119 954 3162 es
976 3096 1115 3182 pollicita

570 3198 637 3254 tute
654 3201 690 3254 ut
707 3190 825 3254 serues.

146 3284 206 3348 ΒΑ.
230 3280 285 3347 Ob
302 3285 371 3347 eam
390 3305 457 3348 rem
475 3283 529 3347 uin
547 3304 623 3368 ergo
641 3284 723 3347 intro
741 3284 831 3348 eam?
865 3284 926 3349 Le.
945 3285 972 3361 Ι,
988 3283 1112 3371 [atque]

568 3376 660 3460 euple
694 3376 836 3443 inimum
871 3378 931 3455 eis,
966 3400 1045 3466 coge
1078 3391 1115 3445 ut

570 3470 710 3535 credant.

146 3566 206 3630 Ba.
229 3563 289 3642 Eo,
308 3565 368 3629 etsi
384 3562 448 3628 scio
466 3563 518 3649 pol
537 3565 582 3630 eis
600 3564 668 3630 fore
685 3587 793 3631 meum
811 3568 1014 3651 cdnspectum
1032 3568 1114 3634 inui-

568 3681 639 3723 sum
657 3658 760 3724 hddie.

231 3750 329 3838 [Nam
343 3762 442 3843 nupta
455 3753 610 3819 meretrici
623 3753 723 3819 hostis
737 3764 795 3832 est,
813 3776 833 3818 a
846 3754 915 3818 uiro
932 3754 988 3820 ubi
1006 3780 1113 3842 segre·

568 3857 682 3932 gatast.

146 3938 207 4010 Le.
232 3938 276 4007 At
302 3938 380 4008 haec
407 3939 527 4008 amicae
554 3953 661 4019 erunt,
692 3941 748 4006 ubi
773 3963 869 4026 quam
893 3942 937 4007 ob
963 3966 1030 4009 rem
1057 3945 1112 4013 ad·
1130 3952 1181 4011 790

570 4033 699 4108 ueneris
713 4031 930 4129 rescissemus}
