2602 4432
171 200 232 271 138
549 211 756 275 EVNVOHVS
1125 212 1195 286 v,2

168 342 227 406 ΤΥ.
250 340 339 423 Quid
364 340 503 406 feceras?
535 339 594 406 Cn.
619 340 759 406 Paulum
785 339 946 424 quiddam.
980 337 1039 404 ΡΥ.
1066 338 1140 404 Eho

593 434 762 520 ‘paulum’,
780 433 955 520 inpudens?

254 530 307 592 An
325 529 456 615 paulum
474 528 534 593 hcc
551 550 620 593 esse
639 529 696 592 tibi
714 528 850 604 uidetur,
869 527 1027 614 uIrginem

253 623 375 688 Vitiere
393 621 514 687 ciuem?
549 620 609 687 Cn.
628 619 825 687 Censcruam
844 645 912 686 esse
931 620 1058 685 credidi.

168 717 226 781 ΡΥ.
253 714 470 782 Conseruam?
487 716 543 781 uix
561 739 612 781 me
630 716 775 781 centinec
793 716 870 800 quin
886 716 1026 781 inuelem
1153 733 1181 773 20

100 818 152 872 860
252 810 397 875 Monstro
422 812 456 874 in
482 809 645 896 capillum:
677 809 772 875 etiam
802 809 884 875 ultro
917 809 1054 874 derisum
1081 808 1139 872 ed-

592 903 690 970 uenit.

169 998 228 1061 Tu.
250 998 338 1062 Abin
356 997 439 1076 hinc,
462 997 591 1063 insana?
624 997 683 1063 ΡΥ.
702 995 790 1079 Quid
807 996 852 1062 ite
869 998 965 1062 uero?
992 996 1137 1074 debeam,

255 1090 371 1169 Credo,
388 1093 440 1157 isti
457 1092 628 1177 quicquam
646 1092 805 1168 furcifero,
823 1091 850 1156 si
866 1090 901 1155 id
917 1091 1061 1168 fecerim3

255 1184 447 1251 Praesertim
466 1208 561 1269 quom
580 1209 614 1251 se
637 1187 762 1250 seruom
780 1185 917 1250 fateatur
934 1197 1031 1248 tuom.

169 1279 227 1343 Tu.
251 1279 355 1344 Missa
371 1279 451 1344 haec
467 1280 630 1344 faciamus.
664 1281 729 1344 nen
746 1290 777 1343 te
796 1279 938 1365 dignum,
958 1276 1113 1355 Chaerea,
1152 1296 1179 1338 u

100 1391 152 1445 865
253 1373 385 1450 Fecisti3
403 1396 477 1437 nam
495 1373 522 1438 si
540 1395 600 1459 ego
619 1373 716 1458 digna
731 1372 792 1437 hac
810 1373 999 1437 contumelia

255 1466 336 1531 Sum
353 1469 511 1543 maxume,
530 1478 563 1531 at
580 1477 615 1531 tu
632 1465 781 1552 indignus
799 1465 855 1550 qui
871 1466 992 1531 faceres
1010 1476 1125 1530 tamen.

254 1560 367 1643 Neque
385 1559 497 1645 edepol
515 1560 592 1644 quid
609 1583 694 1624 nunc
712 1559 822 1624 censili
840 1559 962 1645 capiam
980 1559 1045 1623 scic

254 1653 306 1718 De
324 1653 447 1738 uirgince
464 1653 556 1717 istac:
575 1655 620 1717 ita
637 1652 832 1718 conturbasti
849 1652 926 1717 mihi

254 1746 406 1811 Raticnes
423 1747 535 1823 omnis,
556 1747 591 1810 ut
608 1770 678 1812 cam
695 1769 759 1811 non
777 1749 895 1832 possim
912 1745 977 1811 suis
1150 1763 1177 1805 cc

102 1850 153 1904 870
254 1839 306 1904 Ita
322 1852 358 1905 ut
375 1842 510 1924 aequom
527 1841 631 1905 fuerat
647 1843 743 1924 etque
761 1851 796 1904 ut
814 1839 920 1904 studui
937 1840 1070 1917 tesidere,

255 1935 300 1999 Vt
317 1934 452 1999 sclidum
470 1957 614 2019 parerem
630 1933 691 1999 hoc
709 1936 753 1997 mi
765 1935 964 2011 beneficium,
984 1931 1137 1998 Chaeeec.

172 2025 232 2093 Cn.
255 2029 302 2092 At
318 2028 404 2092 minc
421 2027 535 2092 dehinc
552 2050 645 2113 spero
658 2030 818 2093 aeternam
835 2028 986 2093 internos
1003 2028 1138 2114 gretiam

255 2123 347 2198 Fore,
366 2121 474 2186 Theis.
510 2145 604 2208 saepe
623 2143 664 2186 ex
680 2122 775 2187 huius
793 2122 878 2187 modi
897 2145 931 2187 re
949 2122 1099 2208 quipiam

256 2216 346 2281 Male
363 2215 516 2302 principio
533 2219 651 2301 megna
667 2216 863 2281 familiaritas
1150 2232 1176 2274 ec

102 2319 154 2374 875
257 2309 443 2375 confictast.
478 2308 555 2393 quid
573 2309 599 2373 si
616 2309 677 2374 hoc
694 2309 852 2396 quispiam
869 2309 970 2374 uoluit
989 2308 1085 2374 deus?

171 2404 231 2468 Tu.
254 2403 413 2488 Equidem
429 2403 484 2489 pol
500 2403 534 2467 in
551 2426 621 2468 eam
638 2406 760 2489 pertem
778 2403 961 2488 accipioque
979 2406 1010 2468 et
1027 2402 1110 2468 uolo.

172 2497 231 2562 Cu.
255 2499 356 2562 immo
373 2501 418 2562 ita
435 2519 562 2582 quaeso.
598 2520 698 2561 unum
715 2497 776 2562 hcc
794 2500 882 2574 scito,
900 2497 1108 2562 contumeliae

255 2593 330 2657 Non
347 2593 398 2656 me
415 2592 528 2658 fecisse
545 2592 652 2668 caiisa,
670 2592 726 2657 sed
743 2593 866 2656 amoris.
910 2591 971 2656 Tu.
991 2590 1075 2668 Scio,

256 2687 300 2751 Et
316 2684 370 2772 pel
387 2697 553 2772 propterea
569 2685 672 2771 megis
688 2708 774 2750 nunc
791 2684 921 2770 ignosce
939 2685 1006 2749 tibi.
1149 2705 1176 2747 ιο

103 2789 155 2844 880
256 2780 329 2844 Non
347 2780 426 2845 ideo
443 2779 616 2843 inhumano
632 2779 760 2864 iugenio
777 2801 859 2856 sum,
878 2777 1032 2856 Chaerea,
1169 2770 1175 2782 ’

256 2875 369 2959 Neque
385 2873 430 2938 ita
445 2874 590 2959 inperita,
608 2883 643 2936 ut
660 2873 738 2956 quid
755 2895 844 2937 amor
859 2874 965 2938 ualeat
981 2873 1128 2938 nesciam.

173 2967 233 3034 Cn.
256 2968 304 3034 Te
326 2969 453 3052 queque
478 2967 552 3045 iam,
579 2966 688 3043 Thais,
713 2968 757 3031 ita
782 2966 888 3032 medi
914 2967 995 3032 bene
1021 2970 1137 3045 ame'nt,

595 3082 676 3125 amc.

172 3157 231 3222 ΡΥ.
258 3157 342 3221 Tum
359 3156 413 3242 pel
429 3155 487 3220 tibi
504 3156 544 3220 ab
562 3155 651 3231 istoc,
669 3157 733 3231 era,
751 3154 928 3220 cauendum
945 3153 1105 3241 intellego.

174 3249 233 3317 ΟΥ.
256 3252 330 3316 Non
352 3249 462 3314 ausim.
505 3248 563 3314 ΡΥ.
586 3249 640 3313 Nil
662 3249 720 3313 tibi
737 3250 907 3333 quIcquam
929 3248 1033 3313 credo.
1077 3248 1137 3314 ΤΗ.
1150 3265 1177 3307 4⁵

595 3342 744 3407 Dc'sinas.

105 3456 156 3511 885
175 3437 233 3503 ΟΥ.
256 3438 350 3503 Nunc
368 3439 429 3523 ego
447 3447 477 3502 te
496 3437 528 3500 in
546 3436 606 3501 hac
623 3458 657 3501 re
675 3437 718 3500 mi
736 3439 791 3502 cro
809 3447 845 3500 ut
862 3436 998 3500 adiutrix
1016 3435 1089 3512 sies,

258 3532 331 3619 Ego
348 3534 399 3596 me
417 3543 490 3596 tuae
508 3531 694 3596 commendo
712 3542 742 3596 et
761 3530 923 3595 committe
944 3529 1016 3606 fide,

259 3627 307 3692 Te
325 3626 402 3690 mihi
419 3636 584 3710 patronam
601 3625 702 3710 cepio,
720 3624 830 3700 Tha'l's,
848 3635 880 3689 te
898 3625 1043 3689 ebsecro:

259 3720 415 3796 Emetitur,
434 3719 462 3784 si
478 3741 543 3783 non
559 3718 641 3782 heinc
659 3741 789 3783 uxorem
807 3718 936 3783 duxero.

175 3817 236 3881 Tu.
260 3816 383 3879 Tamen
409 3816 436 3878 ei
461 3824 551 3900 pater
573 3811 676 3896 quid.
696 3814 728 3876 .?
764 3809 823 3876 Cu.
849 3793 905 3876 Ah
928 3811 1029 3888 uolet,
1056 3811 1180 3876 certeco

598 3928 674 3984 scio,

106 4015 158 4069 890
262 4002 351 4069 Ciuis
368 4002 463 4068 modo
481 4001 558 4066 haec
576 4001 625 4066 sit.
667 4001 728 4065 Tu.
746 3999 918 4065 Paululum
937 3998 1108 4086 opperirier
