2602 4432
105 236 172 310 11,1
547 234 721 295 enonmo
1060 222 1120 290 161

117 379 145 422 rs
156 361 217 428 Pa.
240 359 370 429 Saluem
383 359 513 427 uenire.
529 408 537 424 .
574 359 636 426 Dr.
655 359 775 438 Cred03
789 359 851 425 hoo
863 360 1019 446 responde
1032 359 1119 425 mihi.
1138 365 1191 422 255

155 456 215 521 ΡΗ.
238 456 343 534 Valet,
361 455 413 521 hio
431 465 491 533 est3
510 456 567 521 sed
584 455 666 520 satin
684 455 791 520 emnia
807 477 848 522 ex
865 453 1037 520 sententia?

156 549 220 616 Da.
237 550 364 619 Vellem
380 549 519 634 quidem.
554 548 615 614 ΡΗ.
634 549 721 629 Quid
738 549 820 614 istoc
837 551 903 615 est?
937 547 999 614 Da.
1022 547 1122 635 Rogi-

578 654 636 719 tas,
653 642 831 709 Phaedria?

241 739 349 802 Bones
368 761 418 803 me
436 737 567 804 absente
585 737 636 804 hio
654 737 831 804 cenfeoistis
848 737 984 823 ndptias.

155 832 215 896 Pa.
237 831 324 908 Eho,
350 855 391 896 an
411 831 446 896 id
468 853 632 897 suscenses
653 831 737 896 nene
758 832 823 897 illi?
868 828 929 896 Ga.
955 830 1121 896 Artificem

579 924 729 1011 probum!

116 1017 218 1084 aba.
236 1018 331 1106 Egon
348 1019 475 1107 illinon
492 1020 712 1085 suscenseam?
729 1019 832 1104 ipsum
851 1019 952 1104 gestio
1138 1023 1190 1078 260

240 1112 322 1177 Dari
338 1112 382 1178 mi
399 1115 432 1177 in
450 1125 665 1198 conspectum,
681 1113 766 1178 neno
784 1136 842 1178 sua
860 1112 953 1198 eulpa
970 1114 1006 1175 ot
1023 1112 1102 1177 sciat

87 1277 89 1280 Α
241 1207 363 1272 Lenem
381 1219 502 1292 patrem
521 1207 610 1272 illum
627 1207 747 1273 fectum
765 1229 817 1272 me
830 1229 899 1272 esse
913 1207 1121 1271 acerrumum.
1193 1267 1196 1273 .

155 1300 214 1365 Pa.
238 1303 339 1384 Atqui
355 1300 538 1377 nihilfecit,
556 1303 678 1387 patrue,
696 1301 783 1385 quod
801 1303 995 1366 suscenseas.

156 1394 218 1460 Da.
238 1394 324 1460 Eece
342 1395 449 1461 aetem
467 1394 582 1460 similia
598 1394 716 1460 emnia!
735 1417 844 1461 omnes
862 1395 1051 1481 oengruont:

116 1506 143 1548 οῦ
240 1491 347 1556 vnom
365 1510 463 1574 quom
479 1489 575 1567 noris,
592 1489 693 1554 emnis
711 1490 805 1554 noris.
840 1489 899 1556 ΡΗ.
923 1489 1021 1554 Hadd
1038 1490 1120 1554 itast.
1138 1493 1190 1548 265

155 1581 217 1646 Da.
240 1583 304 1648 Hio
321 1583 352 1647 in
371 1583 505 1660 nomast,
522 1583 575 1648 ille
592 1584 635 1647 ed
652 1584 816 1648 dicendam
834 1584 962 1649 eairsam
980 1583 1083 1660 adest;

242 1674 347 1756 Quom
360 1676 454 1754 illest,
468 1676 519 1742 hio
531 1688 700 1763 praestost:
719 1677 848 1742 tredunt
860 1699 972 1763 operas
985 1679 1121 1743 metuas.

157 1767 217 1835 Ga.
239 1770 346 1837 Probe
363 1770 476 1836 herum
492 1771 577 1836 faeta
593 1771 765 1855 inprt'rdens
783 1771 924 1857 depinxit
941 1795 1048 1836 senex.

155 1864 218 1930 Da.
236 1864 321 1929 Nam
345 1864 379 1929 ni
406 1864 484 1930 haee
509 1864 553 1930 ita
579 1876 694 1941 essent,
721 1887 794 1930 oum
819 1866 873 1930 illo
899 1866 986 1931 haud
1012 1878 1121 1944 stares,

575 1957 743 2024 Phaedria.
1177 2011 1180 2017 t

116 2071 143 2110 ιο
156 2053 215 2138 Pu,
248 2051 286 2119 Si
311 2063 372 2129 est,
404 2055 529 2138 petrae,
560 2052 687 2138 eulpam
717 2064 753 2117 ut
777 2034 920 2140 dntipho
945 2053 978 2118 in
1005 2076 1040 2119 se
1065 2054 1121 2120 ad·
1138 2064 1190 2121 tto

296 2172 298 2177 ’
577 2147 706 2224 miserit,

240 2240 293 2305 Ex
313 2242 378 2325 que
399 2263 433 2306 re
455 2240 559 2304 minus
576 2240 623 2306 rei
640 2242 720 2306 feret
737 2251 792 2306 aut
809 2241 913 2331 famae
931 2244 1120 2329 temperans,

239 2334 314 2399 Non
331 2335 459 2399 caesam
477 2334 547 2400 dieo
565 2336 641 2418 quin
659 2335 745 2419 quod
762 2337 891 2400 meritus
909 2337 949 2401 sit
966 2337 1056 2402 ferat.

241 2427 306 2494 Sed
324 2430 351 2492 si
368 2427 439 2512 quis
457 2427 538 2493 forte
556 2428 676 2494 melitia
692 2428 791 2494 fretr'rs
809 2453 867 2494 sua

151 2534 156 2543 '
239 2521 375 2587 Insidias
392 2532 519 2586 nostroe
536 2522 612 2587 feeit
629 2522 861 2588 adulescentiae

116 2635 143 2674 rs
239 2616 291 2681 Ao
308 2614 404 2692 uicit„
412 2627 541 2680 nostran
558 2617 652 2702 edlpa
664 2628 737 2682 'east
753 2640 794 2681 an
811 2617 962 2695 iddioum‚
1136 2630 1189 2686 tto

239 2707 306 2790 Qui
323 2711 417 2794 saepe
435 2721 563 2795 propter
578 2709 730 2775 inuidiam
748 2711 890 2776 adimunt
907 2710 997 2775 diuiti

215 2802 218 2808 ’
239 2804 308 2867 Aut
324 2803 451 2888 prepter
467 2803 712 2869 misericordiam
729 2804 849 2869 addunt
867 2805 1017 2890 padperi?

157 2894 219 2962 Ga.
237 2896 281 2960 Ni
297 2897 421 2961 nessem
439 2919 577 2974 eausam,
596 2897 755 2964 crederem
772 2919 850 2963 uera
867 2898 950 2963 hdne
966 2899 1064 2983 loqui.

155 2990 218 3055 Ds.
241 2992 295 3055 An
313 2992 481 3075 quisquam
498 2991 594 3056 iudex
611 2993 669 3069 est,
687 2992 743 3075 qui
760 2992 859 3077 possit
875 2993 1005 3059 nesoere

116 3103 143 3145 to
239 3085 311 3149 Tua
327 3085 421 3161 ir'rsta,
439 3084 495 3149 ubi
512 3094 578 3150 tute
596 3085 731 3150 uerbum
747 3108 811 3151 non
828 3087 1029 3172 respendeas,
1136 3092 1188 3147 280

240 3179 343 3243 Ita'ut
359 3178 412 3243 ille
430 3177 523 3244 feeit?
556 3179 616 3243 ΡΗ,
643 3178 786 3244 Fdnotus
803 3180 1061 3246 adulescentulist
1102 3241 1104 3247 .

240 3270 394 3336 Officium
411 3270 562 3336 liberelis:
580 3283 748 3356 postquam
766 3271 806 3337 ad
824 3272 943 3339 iddioes

240 3365 419 3443 Venttmst
436 3387 500 3430 non
517 3364 620 3451 potuit
637 3365 774 3451 cogitata
790 3368 946 3453 preloqui3

240 3459 292 3524 Ita
309 3460 381 3525 edm
399 3471 467 3524 tum
484 3457 630 3524 timidum
640 3459 702 3524 illio
709 3460 918 3548 obstupefecit
934 3460 1047 3548 pudor.

116 3572 143 3614 ss
157 3551 219 3619 Ga.
241 3552 356 3618 Laudo
390 3553 483 3618 hdne.
532 3555 589 3620 sed
619 3576 707 3620 cesso
741 3554 828 3621 adire
857 3577 953 3640 quam
984 3556 1121 3641 primdm
1137 3561 1188 3616 285

555 3649 703 3713 senem?

240 3741 316 3818 Ere,
333 3741 435 3807 selue:
453 3740 575 3806 saluom
588 3753 619 3807 te
632 3742 799 3808 eduenisse
812 3741 946 3828 geddeo.
973 3740 1036 3806 Da.
1055 3739 1120 3819 Oh,

240 3837 330 3900 Bone
349 3836 465 3913 edstos,
484 3836 582 3911 salue,
600 3836 744 3901 celumen
760 3857 838 3900 uero
856 3835 1005 3912 familiae,

241 3928 327 4010 Quoi
344 3930 563 3994 commendaui
581 3929 683 3994 fflium
700 3929 774 3994 hine
791 3929 900 3994 abiens
918 3953 1034 3995 meum.

158 4021 218 4088 Ga.
241 4023 311 4087 lam
329 4023 450 4088 dedum
467 4035 500 4091 te
509 4022 618 4091 omnis
635 4023 695 4090 nes
711 4045 867 4091 aeedsara
882 4023 982 4088 airdm

203 4124 320 4169 romam.
946 4122 990 4178 n
