2602 4432
554 230 724 297 enarrarre
1137 221 1184 271 .x1

95 345 203 398 tantum
223 340 386 398 auctoritate
408 343 506 398 ceteris
530 343 630 398 codici·
649 341 666 395 d
683 357 886 412 nonnumquam
904 339 1011 412 aliquid
1031 338 1185 405 adiumenti
1235 335 1241 349 '

95 400 631 519 bus,qniomnssCalisziirecepsionem
649 411 765 533 {scedist
788 413 877 465 etiam,
888 411 951 481 plus
968 426 1052 493 quam
1056 409 1115 531 dille
1135 409 1184 530 trit
1231 439 1232 443 =

96 480 631 617 :ttffffltiitit&littorati
649 484 1184 628 titia,tittttttttittt.

96 615 211 670 Terenti
224 616 370 671 comoediis
380 617 520 671 codicibus
532 616 631 670 nostris
649 616 732 669 sionis
751 617 860 669 nomine
881 616 1097 685 complectimur,
1117 629 1183 695 non·

95 683 222 745 universe
235 685 365 739 habenda
380 684 417 738 sit
429 701 498 756 quac
518 701 553 739 ue
565 685 631 738 duo·
650 685 714 736 dum
723 700 825 750 omnes,
831 685 878 753 qui
888 688 981 738 extent
989 684 1077 738 bonae
1086 683 1131 736 fru
1162 700 1184 750 s,

95 753 148 807 bus
154 752 209 806 illis
218 753 375 824 generibus,
381 701 554 824 Ritsohltiip.
562 752 629 823 phil.
649 768 698 805 nos
713 752 758 806 vel
775 768 806 806 co
828 752 899 805 nites
914 752 959 806 vel
975 752 1120 806 exhaustos
1155 767 1183 804 a·

95 821 208 881 111284
223 827 292 891 sqq.)
309 821 447 875 subtiliter
462 838 494 874 ex
515 821 586 889 onit,
602 820 630 873 in
649 821 729 888 bere,
747 769 827 889 quoii
834 821 858 873 si
874 819 978 874 factum
995 820 1055 882 erit,
1073 836 1183 888 speran-

97 905 130 943 eo
142 893 234 943 tamen
247 906 349 956 errans,
362 890 436 960 quod
470 930 475 941 .
505 889 539 944 93
550 889 630 942 ch·
649 889 714 941 dum
727 895 769 941 est
779 887 823 942 vel
833 889 964 942 maiorem
974 888 1016 942 illi
1025 888 1109 942 fidem
1121 903 1183 958 gra·

96 956 154 1011 bini
162 957 283 1011 familiae
291 957 358 1011 satis
366 907 630 1013 conficienterVicto·
649 956 772 1023 tiamqne
784 956 881 1010 haberi
893 973 982 1026 posse.

96 1025 211 1092 rianum,
222 1026 380 1080 dubitanter
389 1025 572 1081 Decurtatum
583 1027 630 1079 ad·
681 1023 760 1077 Duos
777 1024 885 1078 codices
900 1024 973 1079 inter
991 1022 1184 1094 Calliopianos,

96 1092 192 1173 iunxit,
213 1094 261 1164 qni
278 1099 306 1147 et
325 1093 380 1164 ipsi
397 1109 430 1147 ex
445 1093 573 1163 Calliopii
589 1110 630 1148 re·
648 1092 675 1144 D
693 1098 722 1146 et
738 1090 778 1213 (ird
800 1092 947 1173 singularis
966 1093 1107 1147 cuiusdam
1124 1096 1152 1146 ct
1167 1108 1185 1145 a

97 1177 224 1215 cens1one
244 1161 413 1232 prodierunt
446 1162 533 1215 solum
550 1161 629 1215 Bem-
649 1159 748 1215 ceteris
779 1160 860 1214 irersr
878 1161 960 1230 pretii
978 1177 1038 1215 esse
1051 1178 1113 1214 cum
1130 1159 1185 1213 iam

96 1229 192 1284 binum
220 1246 238 1284 a
266 1236 419 1284 ceterorum
447 1230 630 1299 multitudine,
648 1229 756 1282 Ritschl
812 1231 976 1298 erspexisset
1008 1234 1043 1295 (r.
1081 1237 1183 1299 supra),

97 1297 142 1351 cui
151 1297 278 1352 Donatus
309 1314 398 1367 uoque
411 1298 631 1352 adnumerandus
649 1297 760 1351 cosdem
783 1247 877 1367 iimpf.
907 1315 935 1367 p.
959 1296 974 1350 I
998 1313 1038 1367 sq.
1063 1295 1185 1366 itemque

98 1370 165 1430 erat,
183 1315 393 1420 messeniorum
407 1373 513 1420 tantum
525 1366 631 1420 ratione
649 1364 717 1420 alios
737 1364 848 1419 minoris
865 1364 1037 1420 auctoritatis
1053 1382 1071 1419 a
1087 1364 1185 1419 ceteris

96 1434 194 1487 habita
202 1435 246 1488 vel
256 1439 319 1488 ante
328 1434 382 1490 Um
404 1433 631 1489 fcnbachiumse·
649 1433 780 1488 disiunxit
800 1450 833 1488 ex
848 1432 959 1487 Donato
976 1433 1125 1488 arbitratus
1144 1432 1185 1486 ibi

95 1501 376 1564 iunximustlihMus.
459 1504 510 1571 88).
532 1501 631 1557 Callio-
649 1500 779 1572 Calliopii
809 1502 997 1557 recensionem
1030 1508 1186 1557 constanter

117 1571 208 1624 ianam
225 1570 297 1624 enim
313 1572 507 1641 recensionem,
528 1571 552 1625 si
570 1588 631 1625 cum
650 1577 799 1624 correctam
816 1586 885 1624 esse.
914 1587 970 1640 qua
984 1571 1013 1624 in
1030 1586 1060 1625 re
1077 1575 1185 1624 senten-

95 1589 226 1693 fiembini
241 1637 357 1692 fortuita
370 1639 461 1710 magis
477 1656 511 1693 ac
526 1639 631 1694 ratione
649 1639 716 1691 tiam
752 1655 844 1691 torsus
862 1655 925 1692 cum
945 1639 1077 1693 fefellisse
1093 1641 1184 1693 Herm.

98 1712 208 1778 egente,
226 1707 275 1761 sed
294 1707 361 1761 satis
377 1708 484 1762 sincera
500 1713 528 1762 et
543 1708 631 1762 incor·
649 1707 712 1761 Soti
755 1725 784 1760 er
801 1706 925 1770 (Obscrr.
947 1707 1008 1761 crit.
1030 1713 1058 1761 et
1073 1705 1137 1759 hist.
1154 1706 1183 1758 in

95 1781 179 1846 rupta
202 1775 336 1846 scriptura
360 1791 515 1845 compares,
542 1775 631 1846 ipsam
650 1775 725 1838 Ter.)
749 1775 840 1844 capite
863 1774 952 1845 primo
976 1776 1030 1841 (De
1053 1773 1186 1828 Arusiani

97 1859 207 1914 quoque
224 1860 257 1897 ex
273 1843 435 1913 perantiquo
450 1844 577 1912 bonoque
591 1849 631 1897 at·
649 1842 743 1896 Messii
759 1842 923 1896 testimoniis
939 1843 1061 1910 Terent.)
1078 1843 1185 1897 idoneis

97 1929 151 1982 que
161 1912 230 1965 adeo
239 1911 361 1981 pleniore
370 1911 447 1966 fonte
455 1911 575 1981 fluxisse,
582 1913 631 1966 sed
649 1910 817 1981 argumentis
830 1911 1030 1981 comprobarit;
1046 1911 1056 1964 i
1078 1928 1107 1965 sc
1119 1927 1185 1965 vero

96 1979 215 2033 hominis
237 1996 291 2033 non
314 1980 420 2033 indocti
446 1980 631 2034 consideratas
649 1981 791 2047 rationem,
802 1930 1102 2046 quaeinterduosilfos
1113 1980 1184 2032 ordi·

97 2048 217 2118 quidem,
234 2048 283 2101 sed
300 2065 349 2118 pro
365 2064 462 2102 manco
479 2048 578 2102 aetatis
591 2049 631 2101 in·
650 2063 698 2100 nes
712 2044 943 2116 Calliopianorum
960 2048 1085 2102 codicum
1101 2048 1185 2101 inter-

95 2117 210 2170 tellectu
232 2131 315 2186 saepe
343 2131 485 2185 perversas
514 2123 542 2170 et
565 2117 631 2170 satis
650 2116 738 2179 cedat,
751 2115 822 2169 hanc
834 2116 926 2185 potins
939 2133 999 2170 csse
1012 2122 1136 2170 autumat
1147 2119 1183 2184 (p.

95 2184 212 2238 licenter
227 2191 385 2254 grassantes
406 2200 504 2254 operas
521 2201 630 2254 perpes·
649 2183 900 2256 24tzlibrarius,qui
907 2185 1022 2254 archety
1042 2184 1184 2239 umVicto·

96 2270 156 2306 sam
168 2268 227 2306 esse
244 2252 455 2323 explanavimus.
484 2253 558 2306 idem
574 2252 631 2306 fere
649 2251 719 2305 riani
731 2252 849 2321 scripsit,
858 2257 968 2331 praeter
977 2268 1009 2306 co
1031 2252 1085 2306 ‘ces
1095 2255 1185 2305 tertiae

98 2322 176 2375 Gonr.
190 2322 282 2390 Sydon
301 2319 355 2387 (De
370 2319 426 2374 fide
442 2321 504 2374 libr.
518 2320 629 2374 Terent.
650 2320 791 2374 cuiusdam
803 2318 925 2374 familiae
938 2320 1021 2374 etiam
1031 2319 1125 2374 codice
1134 2320 1184 2373 ali·

98 2387 209 2443 exCall.
222 2405 278 2442 rec.
292 2388 586 2454 duct.Berolini1878)
599 2405 631 2442 ex
649 2404 702 2458 qno
722 2387 889 2442 recensionis
909 2387 1099 2469 Calliopianae
1119 2406 1185 2442 usus

95 2458 218 2526 ipsarum
241 2456 395 2511 fabularum
418 2456 550 2510 memoria
570 2456 631 2510 dili·
650 2461 700 2523 est,
712 2456 902 2525 quiuonnulla
920 2457 1024 2511 scholia
1036 2474 1069 2511 ex
1081 2456 1185 2511 Donati

96 2525 174 2596 genti
187 2524 378 2580 dissertatione
391 2525 632 2579 erioitzmultiset
649 2531 801 2578 commento
832 2525 971 2595 descripta
997 2527 1026 2579 in
1059 2525 1184 2596 margine

97 2592 631 2663 correctionibustmaximequemetricis)
650 2591 787 2660 exhibuit3
810 2593 887 2646 cuins
911 2594 1013 2647 codicis
1036 2593 1184 2648 lectionum

98 2667 127 2716 et
154 2660 273 2715 cuiusvis
300 2661 409 2742 generis
437 2661 631 2717 additamentis
649 2660 723 2714 haud
740 2677 855 2729 parrum
870 2678 1012 2715 numerum
1029 2662 1059 2715 in
1080 2668 1184 2716 textum

96 2729 181 2783 libros
190 2727 377 2799 Calliopranos
385 2729 501 2784 refertos
510 2746 578 2799 esse,
591 2735 631 2784 at·
649 2729 762 2799 recepit,
775 2744 829 2798 quo
839 2729 922 2783 etiam
931 2747 1071 2811 perpauca
1081 2731 1185 2784 scholia

96 2804 190 2851 tamen
200 2797 248 2867 ita,
264 2804 296 2851 ut
307 2797 396 2853 bonae
413 2797 564 2868 scripturae
576 2815 630 2852 me·
648 2797 825 2867 irrepserunt.
857 2798 943 2852 multo
955 2799 1036 2853 ahter
1047 2800 1117 2854 Frid.
1129 2801 1184 2853 Leo

97 2865 186 2919 moria
197 2865 271 2920 haud
287 2882 349 2920 raro
365 2883 384 2919 a
400 2882 510 2921 censore
527 2867 632 2920 intacta
650 2866 684 2919 de
697 2881 730 2919 ea
741 2881 771 2919 re
782 2865 928 2919 iudicavit:
945 2883 1007 2920 cum
1017 2867 1073 2920 iam
1086 2868 1184 2920 disser-

96 2934 631 3004 relinqueretur3praetercaBembinum
649 2933 761 2987 tationis
783 2949 849 2986 suae
869 2933 1039 3005 inauguralis
1061 2935 1182 3001 (Quaest.

97 3002 312 3057 correctionibus
328 3009 356 3056 et
371 3003 566 3058 additamentis
577 3019 630 3056 non
649 3001 790 3071 Aristoph.
813 3002 891 3069 1873)
913 3003 987 3056 thesi
1009 3003 1053 3057 IX
1074 3009 1184 3057 conten·

96 3086 208 3141 prorsus
219 3070 336 3124 liberum
346 3087 406 3125 esse
414 3087 529 3125 necnon
538 3071 630 3141 negle-
649 3070 736 3123 disset
749 3070 822 3123 inter
838 3069 924 3122 libros
940 3070 1122 3125 Terentianos
1142 3071 1184 3123 in-

97 3145 196 3210 genter
216 3139 346 3208 scriptum
369 3138 469 3192 multos
493 3138 631 3193 scribendi
649 3137 771 3208 tegriora
783 3141 875 3190 extare
888 3135 1004 3207 Calliop.
1021 3155 1076 3192 rec.
1095 3154 1184 3192 exem·

97 3223 202 3261 errores
225 3206 353 3261 exhibere
377 3206 413 3259 ad
441 3207 510 3260 corri
532 3207 631 3260 endum
649 3206 738 3276 pluria
750 3205 938 3261 Victoriarum
952 3213 980 3259 et
992 3205 1184 3276 Decurtatum,

96 3276 178 3329 modo
202 3274 339 3329 faciliores
359 3275 440 3327 modo
462 3275 506 3328 dif
525 3274 631 3329 ciliores

674 3327 687 3368 8
704 3326 735 3366 Ut
751 3337 821 3366 unum
839 3327 918 3367 saltem
936 3329 1063 3377 exemplum
1084 3330 1183 3378 afferam,

97 3341 210 3424 (Sydqw
224 3360 251 3413 P·
266 3343 368 3422 §Mili
392 3343 630 3424 ffil¹1⁰st¹¹e⁰iiff
648 3379 716 3418 mor.
726 3377 949 3428 romanorun)
965 3380 1187 3421 exhibantirmotols·

96 3416 156 3464 tum
162 3411 380 3491 dissentro‚quod
388 3411 527 3465 hcentram
533 3408 630 3465 Calho-
649 3429 791 3469 artmannus
806 3429 867 3481 amos
880 3430 914 3469 rto
927 3429 959 3471 ost
970 3431 1097 3482 infortunio.
1124 3432 1183 3482 quod

97 3479 197 3550 piange
214 3495 380 3533 regengwmg
391 3495 446 3533 non
458 3479 525 3532 satis
538 3495 630 3534 severe
650 3483 710 3520 recte
723 3491 748 3519 ss
766 3481 848 3521 habers
866 3481 970 3532 arbitror,
989 3494 1039 3522 cnm
1057 3483 1090 3522 hic
1103 3483 1185 3524 vocula

97 3547 287 3618 pean-anae
299 3546 415 3616 arear,
428 3547 467 3600 m
479 3546 630 3628 assuage.
649 3531 1185 3634 territt{tintinnabanttii

96 3617 148 3669 tati
160 3615 288 3669 Bembini
301 3615 411 3683 codicis,
425 3615 470 3669 cui
482 3632 514 3670 ex
526 3615 631 3670 familia
648 3634 682 3674 hic
695 3633 727 3674 cst
739 3634 773 3685 (iu
786 3635 831 3675 iins
844 3633 945 3686 nonani),
964 3636 997 3676 ssi
1008 3641 1082 3677 autem
1096 3641 1185 3678 antece·

649 3686 716 3725 dente
726 3686 789 3726 brevi
798 3687 954 3737 monosyllaba
963 3689 1104 3737 corripiatur.
1127 3689 1185 3728 hanc

122 3738 134 3777 t
148 3736 210 3777 Nihil
227 3739 315 3777 onustat
332 3746 374 3776 neo
393 3737 421 3776 de
438 3747 536 3786 persons
548 3749 590 3776 nec
604 3738 631 3777 de
650 3738 759 3777 rationem
773 3749 823 3777 cum
837 3748 918 3777 censor
930 3749 976 3777 non
985 3740 1128 3789 perspiceret,
1142 3749 1183 3788 pro

97 3792 170 3828 aetate
193 3787 306 3836 Galliopii.
340 3787 407 3828 Konr.
429 3787 505 3829 Braan
529 3788 631 3838 (Quaeri.
649 3787 1185 3840 arbitratusoripsur.taommaototumatqoonio

97 3841 149 3880 Tor.
160 3837 220 3888 1877)
230 3850 251 3888 p.
260 3842 285 3880 21
299 3843 395 3879 exermis
404 3850 454 3879 sum
464 3841 531 3880 tertio
541 3840 631 3880 saeculo
649 3850 666 3878 a.
676 3841 699 3886 a,
709 3850 804 3889 sumque
814 3841 910 3880 editores
920 3851 1036 3890 perperam
1042 3843 1114 3882 secuti
1124 3847 1183 3882 sunt.

96 3891 134 3930 rel
146 3891 238 3932 incunte
252 3893 331 3940 quarto
345 3891 476 3930 Terentium
492 3892 631 3931 recensuisse
650 3893 797 3931 -Haeccnm
808 3893 852 3930 iarn
859 3893 1005 3941 scripsissem.
1012 3893 1184 3940 posteademum

98 3945 181 3991 censet,
191 3940 248 3981 Μ.
258 3941 631 3993 Leo(Rh.Mns.XXXV111Silai.)
650 3942 932 3992 Augnuommmwomm.
938 3943 1183 3995 monemuthenses)

97 3993 164 4032 tortio
173 3993 262 4032 saeculo
273 3995 417 4043 samquippo
427 3995 490 4034 cuius
500 3995 631 4035 recensione
650 3994 677 4032 de
690 4004 796 4034 mensura
808 3995 947 4043 pronominis
957 3994 991 4034 bio
999 3994 1103 4034 sollerter
1112 3996 1184 4036 disse·

97 4044 143 4086 iam
151 4045 253 4086 Donatus
262 4055 314 4085 usus
324 4045 360 4096 sit,
371 4046 477 4096 assignat.
649 4049 735 4085 rentem
745 4046 805 4084 idern
812 4046 840 4085 ds
848 4048 925 4084 nostro
934 4045 985 4085 loco
994 4045 1078 4086 sentire
1082 4049 1186 4097 pernovi,
