2602 4432
112 186 178 239 vm
568 198 741 242 resartrio

113 311 222 362 sunt-
237 304 373 362 intereos
391 306 646 363 Herm.Schindler
664 307 832 362 ubmturu.
862 307 899 362 ad
918 306 1040 380 inopiam
1054 307 1197 364 redactum

20 445 23 451 Ι
112 375 238 440 (Observ.
256 376 315 430 crit.
334 375 485 457 pte-38)
497 392 567 431 novo
579 392 644 447 quo·
663 392 693 431 re
709 374 839 431 familiari
855 376 954 432 misere
969 378 1098 449 neglecta
1113 382 1198 447 atque

113 445 176 499 dam
189 445 273 498 allato
284 444 386 498 indicio
398 475 441 512 -,
453 444 502 498 alii
513 445 644 501 oblocuti.
663 443 902 516 indignabundum
930 461 993 500 eum
1017 463 1035 500 a
1058 445 1197 500 nobilibus

112 514 161 567 sed
171 530 233 566 cuin
242 513 324 566 certis
333 512 501 582 argumentis
513 514 558 567 vel
569 513 645 567 testi·
663 513 759 567 amicis
778 512 867 568 Roma
890 512 1049 569 discessisse
1074 514 1198 569 eiusdem

112 579 211 635 moniis
227 580 363 635 sententia
379 597 480 649 eorum,
498 581 546 650 qui
560 581 645 635 Adel·
662 580 744 635 Porci
764 598 859 635 versus
878 581 945 647 (Vit.
963 581 1040 651 Ter.)
1059 582 1195 637 indicant·

111 651 182 772 phos
198 648 367 704 comoediam
386 649 442 730 iarn
463 656 527 703 ante
544 666 646 703 annum
663 648 708 702 cui
719 649 764 704 vel
774 649 805 703 id
816 665 971 730 repugnare
987 649 1105 732 videtur,
1141 622 1198 733 uod

129 717 164 771 94
175 717 425 771 semelaTerentio
435 723 525 773 actam
534 734 593 772 osse
603 734 645 772 ar·
664 716 850 786 eodemanno,
879 717 1135 774 uomGraeciama
1154 726 1197 785 nt,

112 786 288 854 biberentur,
300 786 421 840 nondum
430 784 589 840 confirmata
601 786 644 854 sit,
664 785 735 838 ludis
766 784 876 839 funebri
896 803 928 840 us
959 785 1062 840 Aemili
1094 787 1196 857 Paulli,

111 853 141 907 in
148 853 423 934 traditadidaecaliae
430 853 645 908 memorianobis
664 869 731 974 puori
748 851 842 924 Scipio
857 871 913 935 una
930 871 991 908 curn
1007 854 1093 909 fratre
1110 855 1196 924 dedit,

111 922 645 1061 ⁸“emittitetibitibi?
663 921 1121 1046 etilttlliittttffi.
1134 940 1197 1060 titt

110 1007 234 1113 iiiiiedias
254 1075 343 1129 neque
364 1057 513 1127 antiquitas
532 1065 646 1113 noverat
662 1075 689 1111 u.
703 1050 767 1125 ciffi
778 1057 893 1112 Romam
902 1007 1012 1112 rediens
1021 1066 1142 1114 mortuus
1154 1065 1197 1115 est

110 1143 200 1198 neque
216 1127 286 1196 ipse,
307 1126 439 1195 quamdiu
455 1126 560 1181 Romae
577 1133 644 1195 erat,
663 1125 706 1179 vel
717 1125 863 1196 naufragio
875 1143 961 1208 prope
971 1127 1142 1182 Leucadiam
1153 1128 1195 1184 in·

109 1196 139 1249 in
156 1211 285 1270 scaenam
297 1195 382 1250 dedit.
407 1201 536 1265 quattuor
552 1211 645 1295 earum
662 1193 1138 1319 Sililiofaeitioiiiiliniiiiauitiosai
1167 1270 1195 1320 to

109 1263 644 1402 ieiieiiiii]dciiisier?nlildcytiiiiiiiesioi'iiiii3
662 1279 977 1412 intendique-navi
999 1333 1194 1404 praemisisset,
1271 1381 1276 1393 ‚

109 1400 242 1482 inionem,
269 1401 306 1454 ab
325 1400 495 1470 Apollodoro
518 1398 644 1469 Carystio
662 1415 691 1452 in
718 1414 788 1452 mari
813 1404 964 1467 interiisse,
996 1402 1075 1470 gravi
1099 1402 1195 1457 inorbo

110 1474 251 1523 convertit.
285 1483 379 1521 omnes
395 1468 508 1537 Hecyra
528 1473 644 1537 excepta
663 1466 779 1520 affectus
803 1482 819 1520 e
839 1467 897 1521 vita
914 1468 1065 1524 decessisse
1084 1468 1193 1525 dicitur.
1272 1476 1273 1481 ’

109 1536 211 1607 populo
223 1537 268 1590 vol
281 1536 369 1606 prima
381 1536 489 1589 actione
502 1535 569 1590 satis
586 1536 643 1605 pla·
662 1534 773 1588 fabulae
790 1551 856 1589 sane
873 1552 942 1605 ques
962 1552 1046 1590 novas
1062 1553 1077 1592 e
1094 1554 1196 1619 graeca

110 1610 238 1672 cuerunt;
257 1603 322 1674 quin
338 1603 421 1658 etiam
437 1604 586 1659 Eunuchus
603 1603 643 1657 fa·
662 1602 757 1683 lingua
774 1609 958 1671 converterat,
977 1604 1123 1676 naufragio
1139 1623 1196 1662 una

109 1673 177 1727 bula
196 1677 273 1726 tanto
294 1688 423 1726 successu
446 1673 513 1727 data
535 1677 590 1741 est,
614 1678 645 1726 ut
662 1672 839 1738 perieruntlss.
869 1703 903 1713 -
932 1672 1036 1727 Rornae
1070 1674 1196 1746 ‘reliquit

93 1742 215 1807 aediles
239 1740 344 1794 eisdem
367 1740 438 1794 ludis
462 1756 523 1794 eam
545 1741 645 1794 iterum
662 1738 756 1807 filiam,
784 1755 855 1809 quae
882 1746 946 1810 post
972 1741 1059 1810 equiti
1082 1758 1195 1798 romano

110 1811 208 1864 darent
229 1815 257 1862 et
277 1815 376 1879 poetae
398 1813 459 1862 octo
475 1809 552 1862 milia
567 1826 643 1862 num·
662 1806 768 1876 nupsit,
784 1807 851 1861 item
866 1809 988 1862 hortulos
1004 1809 1101 1881 viginti
1117 1811 1145 1864 iu
1167 1828 1194 1866 e·

108 1877 644 1947 mumdarent,quantumpretiumnulla
661 1892 721 1928 rum
743 1875 789 1930 via
811 1876 906 1947 Appia
933 1877 970 1930 ad
991 1877 1102 1932 Martis'
1126 1883 1134 1944 (
1162 1881 1192 1934 it.

109 1952 192 2000 antea
208 1946 369 2014 cuiusquam
380 1945 523 1999 comoedia
538 1962 642 2000 morue-
662 1943 745 2008 Ten).
773 1944 847 1998 unde
867 1961 981 2026 parvam
1001 1946 1124 2016 quidem,
1145 1948 1194 2002 sed

108 2019 153 2068 rat
164 2014 231 2080 (Vit.
245 2014 330 2080 Ten).
358 2014 472 2084 Hecyra
482 2030 557 2082 vero,
569 2019 642 2085 post·
662 2029 715 2065 non
724 2012 827 2066 nullam
836 2010 921 2067 imese
931 2030 1023 2068 errem
1029 2014 1194 2071 familiarem

109 2098 192 2152 quam
212 2081 256 2135 bis
277 2081 380 2135 frustm
398 2081 428 2135 in
448 2098 576 2136 scaenam
597 2083 642 2136 de·
661 2081 855 2150 pernoscimus.
880 2088 883 2092 “

108 2152 167 2205 lata
179 2155 229 2218 est,
245 2149 327 2204 tertio
343 2150 456 2204 tandem
468 2151 570 2221 populo
581 2167 642 2221 pro·
694 2147 810 2202 Terenti
829 2148 940 2204 fabulas
960 2155 1042 2220 poeta
1061 2150 1124 2207 vivo
1139 2169 1194 2208 non

109 2220 199 2274 batur.
661 2215 750 2270 minus
766 2216 861 2272 amicis
878 2218 936 2272 eius
956 2218 1094 2274 nobilibus
1110 2225 1193 2292 atque

143 2288 225 2340 Anno
241 2285 304 2354 594,
325 2286 408 2357 paulo
425 2292 489 2356 post
503 2292 643 2357 peractam
661 2291 718 2338 toto
745 2285 848 2356 populo
874 2287 1004 2356 probatas
1032 2294 1060 2341 et
1091 2306 1194 2360 magna

108 2356 263 2424 Hecyram,
286 2360 317 2407 ut
337 2353 466 2409 arbitrari
486 2354 590 2425 licet13,
613 2355 643 2409 in
661 2353 848 2421 laudeelatas,
860 2356 1193 2435 quamapaucisquibus·

109 2423 256 2478 Graeciam
272 2422 413 2492 profectus
434 2429 484 2492 est,
504 2428 536 2477 ut
554 2440 642 2478 mores
661 2421 724 2475 dam
736 2421 910 2491 adversariis,
923 2440 991 2493 quos
1003 2440 1018 2477 e
1031 2442 1143 2481 numero
1151 2426 1193 2480 in-

107 2493 289 2571 institutaque
303 2489 480 2572 Graecorum,
497 2490 527 2545 in
544 2492 642 2573 quibus
661 2488 785 2543 videtum
801 2495 952 2573 ¹poetarum
971 2493 1016 2546 vel
1036 2509 1130 2548 eorum
1149 2511 1193 2550 as·

109 2559 293 2630 exprimendis
314 2564 373 2612 tota
407 2576 470 2613 nasi
490 2565 643 2614 continetur
660 2558 748 2612 seclae
768 2557 853 2612 fuisse
875 2560 954 2614 nobis
991 2562 1123 2616 utendum
1141 2567 1192 2633 est,

108 2645 178 2682 nova
190 2626 341 2695 comoedia,
357 2644 400 2680 me
414 2628 454 2681 ’us
466 2643 498 2681 co
519 2634 642 2682 nosceret
660 2626 776 2680 maxime
805 2631 897 2681 autem
925 2645 942 2682 a
996 2629 1072 2683 nscio
1100 2630 1192 2684 Lanu-

107 2695 341 2779 perciperetque3
352 2711 369 2748 a
381 2695 479 2749 Porcio
489 2645 556 2778 (i'it.
566 2697 642 2764 Ter.)
660 2694 736 2763 vino,
760 2694 808 2762 qui
823 2695 891 2776 ⁸ipse
913 2701 997 2777 poeta
1014 2697 1192 2770 palliatarum

106 2783 136 2819 in
163 2769 265 2818 terram
292 2764 417 2817 ultimam
446 2761 581 2819 Graeciae
612 2781 641 2818 se
660 2768 732 2829 erat,
752 2768 875 2833 graviter
894 2771 1064 2834 vituperatas
1085 2771 1114 2821 et
1129 2784 1193 2822 con·

108 2833 255 2888 contulisse
272 2832 403 2900 refertur,
421 2838 449 2884 et
465 2849 526 2886 cuin
542 2833 640 2888 Volca-
660 2829 743 2884 tinnis
755 2831 1000 2887 obtrectationibus
1011 2840 1123 2889 vexatas
1133 2852 1192 2892 esse

108 2903 165 2956 cius
175 2907 229 2970 (ap.
244 2899 330 2967 Suet.)
343 2916 405 2953 eum
415 2900 503 2954 Roma
512 2901 542 2954 in
551 2904 640 2955 Asiam
658 2899 713 2952 iam
724 2915 807 2969 supra
816 2899 1132 2957 breviterindicavimus.
1148 2905 1194 2960 vel

106 2971 160 3024 iter
176 2968 275 3023 fecisse
292 2967 375 3036 dicat,
392 2985 447 3021 non
463 2973 505 3023 est
515 2968 574 3023 veri
587 2969 640 3022 dis·
659 2967 857 3022 contaminatas
867 2985 913 3022 eas
924 2986 993 3038 esse,
1004 2970 1024 3024 i.
1034 2987 1058 3025 e.
1069 2971 1193 3044 singulas

107 3037 195 3092 similo
231 3036 299 3090 rimo
316 3053 379 3089 eum
396 3036 517 3106 aliquam
529 3054 640 3109 graeca-
659 3033 758 3088 latinas
770 3053 803 3089 ex
815 3036 1000 3106 compluribus
1009 3040 1117 3110 graecis
1130 3057 1192 3095 con·

107 3124 168 3160 rum
182 3055 291 3186 urbium
303 3104 394 3185 Asiae·
403 3105 639 3187 minorisadiisse3
659 3104 939 3183 sutasmiecendoque
952 3108 1130 3189 corruptasll,
1147 3110 1193 3165 vel

106 3175 160 3255 hae
173 3190 246 3263 enpm
258 3177 322 3272 apte
332 3178 360 3225 et
373 3175 414 3263 {ip
425 3171 559 3254 (lraeciae
568 3180 641 3227 terra
659 3187 713 3224 non
732 3187 788 3224 iam
812 3188 909 3243 novas,
933 3176 983 3229 sed
1002 3176 1113 3231 abunde
1134 3196 1192 3232 sur-

106 3242 203 3295 umma
232 3245 261 3295 et
289 3258 318 3294 m
330 3240 400 3294 Am
431 3247 499 3295 mae
515 3258 574 3296 esse
590 3259 639 3313 pu·
659 3295 862 3344 Adelphonautem
875 3295 1031 3345 prolognmad
1043 3299 1141 3349 priorem
1151 3300 1192 3341 all·

659 3357 725 3396 quam
735 3347 848 3386 actionem
858 3347 978 3394 pertinere.

132 3401 157 3439 ir
179 3397 275 3438 Omnem
301 3396 474 3437 didascallarnm
496 3397 640 3438 Terentiana·
684 3399 709 3437 rt
722 3397 833 3438 Graeciae
846 3400 974 3438 summatim
986 3410 1078 3448 graecas
1091 3401 1192 3444 colonias

106 3461 156 3490 rum
165 3452 282 3493 rationem.
298 3460 325 3488 ex
340 3449 420 3498 quibus
434 3449 531 3488 maxime
541 3449 640 3498 cognitio
658 3449 726 3488 Asiae
740 3449 834 3488 minoris
847 3449 939 3488 attribui
953 3460 982 3489 ex
994 3452 1051 3500 Nep.
1065 3452 1121 3491 Mllt.
1135 3455 1192 3496 111³

107 3503 184 3541 nostra
196 3500 280 3549 pendet
292 3502 431 3548 temporum,
445 3500 525 3549 qulbus
539 3501 640 3550 singulae
658 3502 757 3549 apparet.
771 3500 830 3539 hanc
838 3499 1048 3549 interpretationem
1057 3502 1077 3541 sl
1087 3504 1191 3556 accipias,

106 3551 197 3592 fabulae
214 3555 277 3591 actae
291 3552 314 3588 et
327 3551 467 3600 conscriptae
485 3552 540 3599 sint,
558 3551 584 3590 ln
598 3553 640 3592 Ru.
658 3563 705 3591 non
722 3562 776 3599 opus
798 3551 827 3589 sit
847 3561 898 3591 cunr
914 3552 977 3592 Frld.
995 3553 1072 3593 Leone
1091 3552 1191 3603 (Quaeri.

106 3605 164 3643 Mus.
186 3603 227 3642 XX
253 3602 356 3642 sio—ees
382 3604 405 3642 et
427 3602 480 3641 XXI
506 3603 582 3643 tit—ea
604 3615 640 3643 ex·
658 3603 770 3650 Aristoph.
796 3597 853 3642 thes.
875 3600 905 3651 X)
931 3603 990 3652 apud
1010 3604 1142 3645 Volcacium
1167 3608 1190 3646 i'it

106 3654 179 3704 posui.
658 3653 758 3693 Achaiam
766 3664 807 3703 pro
816 3654 841 3692 i'ii
849 3651 922 3694 Asiam
930 3655 1037 3696 scribere.

132 3707 157 3745 13
179 3703 237 3744 Sunt
254 3703 293 3751 qut
311 3714 361 3742 cuni
379 3704 408 3743 H.
426 3702 559 3743 Schindlero
576 3701 601 3753 (l.
620 3716 639 3745 c.
682 3705 1191 3758 15Errare,utvidetur,HieronymnsOEuseb.

107 3767 128 3804 p.
138 3757 162 3795 51
172 3751 215 3804 sq.)
229 3756 307 3803 putent
320 3756 408 3803 poetam
421 3754 487 3793 initio
501 3765 522 3794 a.
536 3755 575 3795 eea
587 3760 639 3796 ante
657 3755 1062 3807 chromllirieu.schoene)mortem
1072 3759 1101 3799 ad
1107 3759 1190 3810 olymp.

107 3806 228 3846 secundam
246 3806 349 3855 Hecyrae
367 3805 478 3845 actionem
493 3806 588 3846 Romam
606 3818 639 3846 re·
657 3807 714 3848 etv
724 3810 736 3847 s
746 3807 793 3854 (596
802 3817 825 3846 u.
835 3807 863 3856 c.)
874 3809 949 3849 refert.

107 3858 209 3905 liquisse:
228 3858 347 3905 utrumque
360 3856 475 3905 prologum
490 3858 537 3896 eius
552 3868 638 3898 comoe—
682 3861 706 3898 lii
719 3860 753 3898 De
772 3869 866 3898 numero
885 3869 962 3900 aarum
980 3872 1002 3901 v.
1021 3861 1080 3902 inira
1093 3861 1145 3902 adn.
1161 3863 1190 3904 ad

108 3909 159 3946 diae
172 3918 219 3946 non
232 3918 247 3946 a
258 3908 376 3957 Terentio,
396 3908 455 3957 quod
473 3907 502 3946 de
514 3909 638 3956 posteriore
657 3910 702 3951 Vit.
711 3910 763 3949 Ter.

106 3957 198 4007 prologo
212 3959 258 3999 iam
271 3958 372 4007 Gnyetns
385 3958 508 4007 suspicatus
521 3962 580 4009 erat,
599 3960 639 4000 sed
682 3962 707 4001 17
719 3961 755 4000 De
769 3961 938 4002 contaminandi
952 3964 1014 4003 verbi
1029 3964 1122 4004 notione
1131 3964 1188 4005 inter

107 4009 136 4052 ab
145 4009 258 4062 Ambivio,
272 4009 451 4061 descisceretis,
466 4009 573 4062 scriptum
583 4021 639 4064 esse,
657 4011 1190 4066 1111νίᾱοιιεςυαοεὼΤοιιδιιᾸΠιψοᾱιιοωνί.
