2602 4432
101 263 206 338 v,er
530 263 739 323 ADELPHOE
1057 250 1121 319 273

237 389 331 456 Nune
349 390 425 455 mihi
443 390 551 455 uidere
570 394 689 477 sdpere.
726 402 820 476 atque
839 389 985 474 equidem
1002 389 1104 455 filium
1139 396 1190 452 850

115 501 140 541 ⁰5
238 483 324 548 Tum
341 485 438 549 etidm
456 485 483 549 si
500 484 578 548 nolit
596 486 707 570 odgam
723 496 760 549 ut
774 507 845 550 cum
863 484 918 548 illa
935 485 999 549 und
1017 484 1120 549 cubet.

153 578 215 642 Ds.
234 578 391 644 Derides?
408 579 608 655 fortundtu’s
627 580 681 662 qui
699 579 759 643 isto
778 580 881 644 animd
897 579 969 644 sies.

123 682 126 691 '
238 671 311 758 Ego
330 673 429 737 sentio
449 721 482 739 ..
525 672 584 737 Mi.
604 673 669 750 Ah,
688 675 854 758 pergisne?
888 672 951 738 Dr.
970 673 1122 738 Iamiam

577 766 696 830 desino.

152 859 211 928 Mr.
236 860 254 925 1
272 881 348 946 ergo
365 862 458 938 intro,
478 872 509 925 et
527 860 602 943 quoi
620 860 666 924 rei
684 872 741 938 est,
761 862 790 926 ei
802 861 848 926 rei
861 861 947 925 hunc
960 860 1122 925 sumamds

577 953 672 1018 diem.

532 1263 743 1280 aum—

500 1577 771 1662 AOTVSV.

556 1746 710 1815 Druse

584 1863 680 1907 ssrrx

122 2031 128 2054 .
235 1985 417 2072 Nirmquam
433 1986 478 2052 ita
496 1985 665 2071 quisquam
678 1987 760 2052 bene
775 1987 932 2053 subducta
944 1987 1064 2053 rdtione
1079 1989 1120 2053 ad
1136 1995 1189 2052 855

575 2081 675 2145 uitdm
692 2081 763 2158 fuit,

236 2174 323 2257 Quin
355 2199 405 2242 res
436 2188 523 2241 aetas
553 2175 630 2239 risus
665 2198 790 2261 semper
824 2176 943 2260 dliquid
978 2176 1122 2263 adportdt

575 2291 661 2346 nour,

235 2343 368 2449 Aliquid
394 2374 535 2428 moneat:
570 2362 607 2427 rit
635 2362 691 2427 illa
721 2383 804 2447 quae
829 2374 861 2429 te
887 2365 983 2429 scisse
1010 2364 1120 2430 credas

576 2457 710 2534 nescias,

235 2531 281 2615 Et
301 2548 463 2633 quae'tibi
485 2551 606 2635 putdris
623 2550 734 2634 prima,
756 2548 789 2614 in
806 2551 1001 2636 experiundo
1018 2563 1053 2616 ut
1070 2553 1120 2617 re·

575 2643 697 2728 pudies.

237 2735 331 2817 Qudd
357 2759 443 2802 nune
469 2737 513 2802 mi
539 2738 659 2814 euenit3
685 2759 761 2802 nam
786 2758 846 2824 ego
871 2738 970 2803 uitam
996 2739 1119 2818 ddram,

574 2852 670 2914 quam
688 2831 753 2895 uixi
770 2831 873 2915 risque
890 2833 1004 2910 adhue,

234 2925 338 3011 Prdpe
364 2925 428 2990 iam
455 2945 588 2990 excurso
614 2925 716 3009 spdtio
742 2925 862 2989 omitto.
897 2925 930 2989 id
956 2947 1052 3009 quam
1077 2927 1118 2991 db
1135 2935 1187 2992 860

574 3019 660 3083 rem?
677 3040 712 3083 re
728 3018 799 3104 ipsa
815 3018 940 3106 rdpperi

236 3111 401 3177 Facilitate
435 3113 481 3177 nfl
515 3135 584 3178 esse
618 3111 738 3176 homini
772 3113 885 3178 melius
918 3135 1021 3198 neque
1056 3116 1120 3182 cle-

574 3206 700 3270 mentia.

234 3280 275 3364 id
292 3323 360 3366 esse
378 3323 489 3366 uerum
509 3323 549 3365 ex
566 3323 618 3365 me
639 3303 734 3384 dique
753 3323 793 3365 ex
814 3300 910 3366 fratre
928 3302 1053 3386 quoiuis
1071 3303 1119 3368 fa·

574 3394 664 3459 cilest
680 3395 818 3460 ndscere.

234 3467 293 3551 ille
312 3511 402 3553 suam
420 3489 484 3574 egit
503 3488 627 3573 semper
644 3486 743 3552 uitam
760 3488 794 3552 in
810 3488 883 3566 όῐίο,
901 3490 933 3553 in
952 3490 1117 3568 conuiuiis,

236 3578 395 3660 Clemens,
417 3583 572 3669 placidus,
590 3582 668 3646 ndlli
686 3581 871 3660 laedereris,
890 3583 1032 3649 adridere
1050 3586 1119 3649 dm-

574 3677 683 3756 nibus3

234 3768 303 3836 Sibi
317 3771 407 3849 uixit,
421 3771 482 3837 sibi
495 3771 657 3857 sdmptum
669 3771 759 3837 fecit:
778 3773 888 3838 dmnes
903 3771 984 3838 bene
998 3773 1116 3851 diednt,
1134 3790 1186 3846 865

573 3876 689 3930 ament.

232 3941 304 4046 Ego
322 3959 374 4025 ille
389 3959 532 4045 agrestis,
549 3960 673 4036 saeuos,
692 3960 798 4038 tristis,
816 3963 940 4045 pdreus
958 3961 1120 4024 truculen-

571 4053 638 4135 ids,
653 4063 756 4120 {euax

195 4153 310 4198 ramam.
948 4144 993 4199 Χὶ
