2602 4432
174 218 239 288 224
581 232 738 292 auersa

173 358 228 425 Pa,
253 355 394 424 Mutatio
410 355 456 424 fit.
490 357 547 424 Pu.
565 341 615 423 Ea
632 379 691 422 nos
707 357 882 443 perturbat,
900 355 1037 423 Laches.

174 453 233 517 Pa,
261 450 350 516 Dum
368 452 408 515 nd
426 450 609 529 redducam,
626 452 754 516 tdrbent
770 473 864 537 porro
883 454 980 536 quam
1002 450 1113 516 uelint.

105 561 156 616 6:15
173 545 234 612 Pa.
257 543 339 632 Ego,
357 544 536 630 Pamphile,
556 567 624 611 esse
642 545 810 622 internos,
829 544 855 609 si
873 545 941 610 fieri
957 554 1073 631 potest,
1105 589 1107 593 «

260 637 471 704 Adhnitatem
489 637 571 704 hanc
589 640 664 703 edne
681 642 867 724 perpetuam
885 640 974 716 uolc;

258 731 316 798 Sin
333 733 381 797 est
398 743 433 796 ut
451 732 541 798 aliter
558 733 614 798 tha
629 735 690 796 asta
708 735 749 796 sit
761 732 927 809 sententia,
1163 748 1191 790 1⁵

257 825 406 911 Accipias
424 848 568 912 puerum.
608 825 669 890 Pa,
688 824 795 892 Sensit
812 827 986 912 peperisse:
1009 824 1125 891 dccidi.

173 920 234 986 La.
256 920 416 986 Puerdm?
446 940 542 1004 quam
567 921 720 1005 puerum?
759 920 820 985 Pu.
847 920 950 985 thus
977 930 1025 985 est
1051 919 1148 983 nobis

598 1034 707 1098 nepos.

104 1123 156 1179 640
257 1107 341 1174 Nam
359 1107 496 1172 abddcta
515 1131 534 1172 a
555 1107 646 1172 uobis
664 1109 821 1192 praegnas
838 1107 943 1172 fuerat
959 1107 1037 1184 filia,

256 1201 371 1285 Neque
384 1201 483 1266 fuisse
497 1212 702 1287 praegnatem
714 1202 867 1284 quuam
881 1212 954 1268 ante
967 1201 1053 1266 hunc
1066 1200 1150 1265 sciui

600 1294 694 1359 diem.
1183 1356 1186 1361 4

172 1391 233 1456 La,
255 1390 356 1466 Bene,
373 1391 418 1454 ita
436 1411 486 1454 me
505 1389 537 1453 di
555 1405 671 1467 ament,
689 1388 826 1467 ndntias,
846 1400 876 1454 et
895 1390 1020 1475 gaddec
1161 1407 1188 1448 ao
1217 1475 1221 1484 Ι

255 1484 375 1549 Natum
408 1483 497 1547 illum
532 1493 564 1548 et
595 1482 653 1547 tibi
683 1482 770 1546 illam
802 1484 934 1548 saluam.
979 1483 1036 1549 sed
1066 1482 1148 1566 quid

594 1576 735 1641 mulieris

255 1672 396 1738 derem
413 1669 513 1736 habes
531 1683 587 1735 aut
604 1671 719 1753 quibus
736 1681 892 1735 moratam
914 1670 1076 1736 mdribus?

102 1781 153 1835 645
255 1766 364 1831 Nosne
381 1765 443 1831 hdc
464 1766 581 1830 celatos
600 1767 664 1828 tam
683 1763 752 1829 diui
774 1767 897 1849 nequed
916 1764 1003 1842 satis,

256 1858 363 1941 Quam
381 1858 442 1924 hcc
459 1859 536 1922 mihi
554 1858 681 1923 uidetur
698 1858 819 1923 factum
835 1881 946 1944 praue,
963 1858 1123 1944 praloqui.

169 1954 230 2019 Pa.
253 1953 326 2019 Non
349 1952 406 2018 ubi
428 1952 507 2017 illud
529 1952 649 2016 factum
675 1953 778 2016 minus
804 1952 908 2037 placet
929 1973 1027 2036 quam
1053 1953 1145 2031 mihi,
1159 1970 1186 2013 aa
1262 1984 1265 1989 ·

593 2044 731 2110 Laches.

170 2142 230 2207 Pa,
257 2141 365 2206 Etiam
383 2140 409 2204 si
427 2138 549 2204 dudum
566 2139 671 2204 sderat
688 2139 872 2225 ambiguam
890 2138 951 2204 hdc
968 2140 1057 2218 mihi,

254 2236 351 2300 Nunc
368 2233 434 2299 ndn
451 2244 510 2309 est,
528 2253 624 2316 quom
642 2255 713 2298 eam
730 2233 874 2316 sequitur
890 2233 1013 2299 alicnde
1030 2256 1123 2320 puer.

99 2352 153 2407 650
169 2330 231 2394 Lu.
253 2328 351 2393 Nulla
368 2327 436 2402 tibi,
453 2326 631 2410 Pamphile,
650 2326 702 2392 hic
717 2326 782 2390 iam
799 2327 1030 2392 consultatiost.

168 2424 227 2488 ΡΑ.
254 2421 351 2487 Perii.
390 2419 453 2486 La,
471 2420 569 2485 Hunc
586 2419 696 2485 uidere
712 2421 808 2505 saepe
826 2421 1015 2506 optabamds
1033 2421 1132 2500 diem,

253 2514 361 2596 Quom
374 2536 414 2579 ex
427 2524 459 2578 te
472 2515 555 2578 e'sset
569 2512 693 2596 aliquis,
706 2515 761 2598 qui
775 2525 806 2577 te
820 2515 994 2599 appellaret
1006 2528 1144 2600 patrem.
1158 2536 1185 2576 sc

254 2608 387 2673 Euenit:
404 2606 506 2672 habac
522 2606 659 2692 gratiam
675 2606 735 2673 dis.
768 2606 828 2671 Pa
847 2607 964 2672 Nullus
981 2631 1064 2674 sum.

169 2703 232 2767 La,
255 2701 405 2766 Redddcc
421 2722 554 2764 uxorem
571 2721 609 2765 ac
625 2699 693 2764 nali
710 2700 875 2764 aduersari
891 2702 978 2765 mihi.

101 2812 153 2866 655
168 2796 229 2860 Pa.
255 2795 362 2870 Pater,
380 2794 407 2858 si
424 2816 464 2859 ex
481 2816 533 2858 me
549 2793 605 2858 illa
620 2793 736 2858 liberas
752 2794 850 2858 uellet
867 2795 929 2858 sibi

255 2890 322 2953 Aut
340 2889 375 2952 sc'
392 2909 462 2952 esse
478 2908 604 2951 mecum
620 2887 764 2971 nhptam,
781 2887 858 2951 satis
875 2890 961 2954 certd
977 2891 1056 2968 scic,

254 2982 329 3046 Nou
346 2979 429 3045 clam
445 3003 497 3046 me
514 2979 646 3044 haberet
662 2980 749 3063 qudd
766 2981 886 3046 celasse
903 2982 1068 3071 intellego.
1158 3005 1185 3046 aa

253 3074 349 3138 Nunc
373 3094 471 3156 quom
500 3074 569 3138 dius
599 3072 737 3137 alienum
766 3076 788 3137 a
817 3097 870 3140 me
900 3098 970 3142 esse
998 3078 1145 3144 animum

593 3166 727 3230 sentiam

253 3261 336 3342 (Nec
352 3260 580 3325 cdnuentumm
596 3260 679 3323 intdr
693 3281 753 3324 aas
768 3261 903 3346 posthac
919 3263 1082 3348 habitam),

255 3353 362 3434 Quam
378 3352 422 3416 cb
437 3354 506 3417 ram
522 3352 713 3417 redducam?
738 3353 800 3418 La.
814 3354 923 3420 Mater
935 3359 1025 3440 quod
1042 3363 1146 3427 suasit

592 3468 661 3521 sua,

253 3538 453 3605 addacem
470 3538 584 3602 mulier
599 3538 685 3602 fecit.
718 3539 941 3606 mimndhmne
957 3543 992 3608 id
1009 3547 1080 3610 est?

254 3631 383 3697 Ceaasdn
397 3643 431 3696 te
446 3653 540 3716 posse
556 3632 692 3714 reperire
709 3634 807 3697 ullam
823 3635 1002 3714 mhherem,
1157 3661 1186 3702 a

254 3725 349 3806 Quae
363 3724 469 3789 cerea
486 3724 599 3807 culpa?
616 3747 658 3788 aa
674 3728 731 3808 qui
746 3749 811 3791 ucn
829 3728 992 3795 delincdnt
1009 3733 1093 3799 uisi?

169 3821 230 3886 Pa.
252 3817 385 3883 Vosmet
401 3814 508 3879 uidete
524 3815 599 3891 idm,
616 3815 742 3883 Laches
759 3835 790 3883 et
808 3832 844 3884 tu
860 3821 1043 3908 Pamphile,

100 3921 155 3978 ὥ
253 3911 422 3977 Remissa
438 3928 519 3993 epm
536 3909 576 3972 sit
593 3909 696 3986 nabis,
713 3913 889 3979 redductan
906 3915 1056 3985 domum

247 4002 880 4075 Nenuamreuuhhsdiffieuhasame
896 4010 968 4077 erit.
1154 4034 1185 4085 a
