2602 4432
104 230 183 302 ΝΛ
535 225 720 286 EVNVOHV
722 225 740 282 S
1059 208 1123 278 135

242 332 361 419 Omnia
394 352 482 438 prius
517 351 653 438 experiri
687 372 784 435 quam
817 347 913 414 irmis
948 347 1122 435 sapientem

580 447 680 511 decet.

118 561 144 601 20
242 541 308 625 Qui
325 542 386 608 seis
404 565 446 607 an
462 561 544 626 quae
560 539 687 605 iirbeam
706 538 772 603 sine
790 538 824 602 ui
846 537 960 603 iaciat?
997 537 1058 606 Gra
1076 538 1122 602 Di
1140 547 1191 602 790

578 636 719 698 nostram
736 632 842 710 iidem,

224 727 392 811 'Quintist
415 726 538 814 sapere!
564 729 737 812 nimquam
760 726 886 805 accedo,
912 730 990 810 quin
1012 728 1069 793 abs
1091 740 1123 795 te

580 821 693 886 abeam
710 819 840 885 ddetior.

156 916 234 981 Tua.
246 917 354 994 Thais,
372 917 509 1002 primum
526 915 587 980 hoe
604 915 682 979 mihi
698 914 869 999 responde:
892 917 989 998 quim
1006 916 1064 981 tibi
1082 917 1123 981 do

579 1008 672 1072 istam
690 1008 856 1093 uirginem,

240 1102 355 1168 Dixtin
372 1102 429 1167 hos
447 1102 514 1166 dies
532 1101 609 1166 mihi
627 1100 685 1165 soli
703 1100 778 1164 dare
796 1101 846 1165 te?
871 1100 932 1165 Tu.
951 1100 1038 1182 Quid
1055 1111 1123 1166 tum

581 1193 710 1279 pbstea?

156 1288 399 1376 Tidegitas?
421 1311 504 1373 quae
524 1288 569 1353 mi
590 1299 664 1353 ante
686 1287 793 1353 doulos
819 1309 924 1353 coram
952 1291 1124 1354 amiterem

580 1381 712 1447 adduxti
729 1392 815 1446 tuom

117 1475 217 1541 mTu.
240 1475 328 1556 Quid
350 1498 422 1542 cum
444 1476 517 1541 illoc
538 1475 634 1562 agas?
668 1473 748 1539 Tum
773 1485 898 1540 etcum
920 1496 959 1540 eo
984 1477 1016 1540 te
1043 1476 1123 1541 elam
1141 1487 1193 1543 795

177 1645 180 1649 ¹
579 1567 730 1632 subduxti
747 1567 843 1632 mihi?

156 1661 217 1727 Tu.
240 1662 372 1727 Libuit.
416 1662 495 1727 Tum
517 1660 719 1747 Pamphilam
747 1662 823 1747 ergo
847 1660 909 1726 huo
930 1662 1037 1739 redde,
1064 1663 1125 1728 nisi

579 1755 613 1819 ui
630 1753 732 1818 mauis
751 1753 850 1839 eripi..

157 1845 216 1913 Cu.
239 1848 314 1912 Tibi
330 1847 417 1913 illam
435 1847 546 1912 reddat
564 1847 619 1910 alit
636 1859 671 1911 tu
688 1868 758 1910 eam
776 1857 899 1931 tangas,
918 1846 1059 1911 bmnium
1073 1896 1081 1913 .
1096 1849 1124 1912 .?

580 1938 643 2005 Gr.
661 1939 727 2018 Ah,
745 1940 823 2023 quid
840 1941 927 2026 agis?
944 1951 1022 2006 tace.

156 2034 236 2098 Tmr.
247 2033 334 2115 Quid
354 2046 389 2099 tu
411 2032 470 2098 tibi
491 2033 560 2097 uis?
581 2035 642 2118 ego
668 2055 731 2097 non
754 2044 883 2118 tangam
906 2035 1028 2099 meam?
1063 2033 1122 2101 Cu.

579 2127 683 2191 Tuam
701 2137 817 2204 autem,
835 2127 983 2194 ibreiier?

158 2221 219 2288 Gu.
243 2220 334 2286 Caue
352 2221 408 2286 sis:
429 2221 531 2286 nescis
549 2223 624 2306 quoi
641 2221 723 2285 male
742 2221 828 2286 dieas
846 2217 1026 2289 mineuiro.
1062 2221 1122 2288 Cu.

577 2313 650 2378 Non
667 2324 704 2378 tu
719 2313 793 2378 hinc
811 2314 899 2379 abis?

117 2425 144 2466 es
242 2406 319 2472 Scin
337 2418 372 2470 tu
388 2416 425 2470 ut
441 2405 500 2471 tibi
516 2429 566 2471 res
583 2428 618 2471 se
635 2406 770 2471 habeat?
796 2407 823 2471 si
840 2407 1009 2491 quiequam
1031 2408 1122 2474 hddie
1140 2417 1192 2472 800

578 2497 630 2562 hio
647 2498 759 2563 turbae
777 2499 927 2584 coeperis,

240 2592 370 2657 Fauiam
388 2603 425 2656 ut
441 2592 535 2656 huius
552 2592 614 2657 loci
632 2592 757 2676 dieique
774 2595 899 2677 meique
917 2617 1040 2681 semper
1057 2597 1124 2660 md-

578 2708 716 2750 mineris.

159 2777 219 2844 Gr.
241 2777 374 2843 Miseret
391 2778 437 2842 tui
454 2800 515 2855 me,
534 2777 588 2862 qui
606 2778 690 2843 himo
708 2790 831 2843 tantum
848 2779 1008 2845 hominem
1025 2781 1122 2848 iacias

581 2872 742 2936 inimieirm
760 2873 827 2938 tibi.

158 2964 217 3031 Ca.
241 2966 425 3031 Diminuam
448 2987 508 3051 ego
529 2965 588 3030 tibi
609 2979 704 3053 eaput
725 2967 831 3044 hodie,
854 2968 915 3032 nisi
937 2969 1015 3034 abis.
1060 2970 1122 3037 Gr.

579 3061 646 3125 Ain
661 3063 747 3139 uerd,
765 3062 871 3127 uanis?

241 3154 348 3223 Sicine
375 3154 464 3241 agis?
497 3153 576 3220 Tum
601 3154 683 3238 Quis
708 3158 744 3220 tu
769 3156 862 3221 homo
889 3158 941 3222 es?
966 3159 1044 3241 quid
1065 3159 1122 3223 tibi

578 3251 645 3313 uis?
667 3249 744 3332 quid
761 3271 834 3314 eum
851 3250 905 3314 illa
922 3253 968 3315 rei
984 3252 1089 3316 tibist?

119 3361 145 3402 rs
158 3341 218 3408 Ca.
243 3340 360 3408 Scibis:
375 3341 529 3429 principio
538 3344 608 3407 eam
617 3365 687 3407 esse
696 3342 767 3407 dieo
776 3344 918 3409 liberam.
937 3345 1015 3410 Tur.
1026 3347 1121 3411 Hem.
1139 3364 1191 3417 805

581 3434 640 3501 cn.
655 3434 770 3502 Ciuem
783 3419 935 3504 rittiuam.
954 3440 1034 3505 Tua.
1043 3442 1121 3506 Hui.

157 3527 217 3595 Cu.
239 3530 349 3595 Meam
363 3553 510 3596 sororem.
536 3529 616 3594 Tus.
631 3528 680 3596 Os
694 3531 817 3598 durum.
845 3532 905 3599 Cu.
919 3535 1025 3612 Miles,
1038 3536 1122 3599 ruins

579 3625 658 3690 adeo
677 3627 764 3691 edicd
783 3627 850 3704 tibi,

241 3717 291 3783 Ne
309 3719 374 3783 uim
392 3719 490 3784 iacias
507 3719 604 3782 liliam
622 3719 768 3784 inillam.
811 3720 920 3800 Thrii's,
942 3743 1003 3807 ego
1025 3743 1063 3787 eo
1081 3721 1121 3785 ad

581 3811 780 3896 Sdphrouam

242 3905 415 3980 Nirtricem,
442 3917 476 3969 ut
504 3929 573 3970 eam
601 3906 755 3970 addimam
782 3917 811 3971 et
839 3905 930 3991 signa
959 3907 1121 3972 ostdndam

580 3999 668 4066 haec.
694 4000 774 4064 Tua.
791 4001 870 4064 Tum
878 4024 936 4066 me
948 4002 1141 4087 urbbiueas,
