2602 4432
78 233 162 310 111,a
293 228 296 233 ’
507 232 717 294 ADELPHOE
1034 215 1098 286 253

215 359 302 426 Eum
319 358 507 444 quadritone,
525 358 698 444 nimquam
717 357 801 423 dicet
818 354 980 423 cimufex.

92 472 118 513 1⁰
214 453 288 520 Non
314 455 480 520 dstendam
506 454 540 519 id
566 476 618 519 me
644 454 737 520 uelle.
783 449 837 517 Sr.
865 447 1004 515 Omnem
1031 472 1099 543 rem

555 547 649 611 modo
667 545 734 612 seni

216 639 291 723 Quo
309 644 404 727 pacto
422 640 564 718 haberet,
583 641 765 706 &narramus
784 638 908 705 ordine:
1116 643 1169 699 365

216 735 271 799 Nil
290 738 461 820 quicquam
478 735 546 799 uidi
563 734 686 800 lectius.
725 733 790 798 Du.
812 732 878 798 Pro
895 731 1048 817 lippiter‚

217 829 366 894 Hominis
385 827 564 894 stultitiam!
600 827 655 894 Sr.
680 826 893 892 Conlaudauit
909 826 1027 904 fllium3

214 922 309 1001 Mihi,
328 923 434 1008 quiid
453 922 610 988 dedissem
627 922 805 1000 eonsilium,
824 922 890 1007 egit
907 921 1035 1006 gratias.

92 1032 118 1073 u
129 1015 193 1082 Du.
215 1017 422 1103 Disrdmporl
458 1016 513 1085 Sr.
532 1017 714 1101 Argentum
730 1015 952 1081 adnumerauit
968 1016 1057 1094 llico;

215 1111 315 1176 Dedit
333 1123 495 1197 praeterea
512 1110 546 1174 in
563 1112 725 1196 sumptum
744 1110 908 1174 dimiditm
925 1111 1044 1189 minae3
1116 1123 1169 1179 370

214 1205 255 1269 Id
273 1204 475 1269 distributum
492 1205 567 1269 sane
592 1215 640 1269 est
658 1227 698 1269 ex
715 1204 880 1270 sententia.
915 1203 979 1269 Dn.
1002 1206 1098 1281 Hem,

215 1297 302 1362 Huic
318 1298 460 1375 mandes,
478 1296 505 1362 si
523 1297 601 1382 quid
617 1300 702 1364 rdcte
721 1299 865 1363 curatum
882 1297 972 1363 uelis.
1091 1323 1095 1329 ⁴

131 1387 185 1456 Su.
212 1389 316 1456 Ehem
334 1391 468 1467 Demea,
490 1391 577 1457 haud
596 1393 782 1478 aspexeram
800 1403 841 1457 te.
877 1393 954 1476 quid
976 1392 1099 1478 agitur?

90 1502 117 1542 2⁰
129 1483 191 1548 Du.
215 1484 304 1566 Quid
321 1487 456 1572 agatur?
474 1499 614 1551 uestram
631 1488 753 1570 ndqueo
772 1486 879 1550 mirari
896 1487 971 1552 satis

214 1579 393 1647 Rationem.
448 1579 504 1647 Sr.
544 1579 606 1645 Est
635 1581 740 1646 hercle
770 1581 892 1667 indpta3
923 1604 964 1648 ns
995 1580 1099 1648 dicim
1116 1593 1167 1649 375

553 1675 637 1750 dolo,

214 1768 376 1834 Absdrda.
411 1768 507 1854 piscis
526 1771 646 1834 ceteros
663 1772 777 1855 purga,
794 1769 931 1846 Dromo;

216 1862 383 1947 Gongrum
399 1865 495 1926 istum
512 1885 696 1927 maxumum
717 1865 751 1926 ln
773 1882 856 1945 aqua
878 1863 971 1930 sinito
989 1865 1097 1932 ludere

214 1955 399 2042 Tantisper:
417 1957 474 2021 ubi
493 1978 553 2042 ego
569 1956 703 2034 rediero,
721 1956 932 2036 exossabitur3

91 2066 117 2109 aa
214 2049 308 2115 Prius
330 2051 413 2116 nolo.
448 2050 511 2116 Du.
539 2049 682 2116 Haecine
704 2051 842 2136 flagitia?
877 2050 932 2118 ὃν.
959 2053 1010 2117 Mi
1028 2055 1097 2139 qui·

552 2144 625 2210 dem
641 2147 706 2209 non
724 2147 860 2230 placent,

213 2236 257 2302 Et
275 2237 377 2303 clamo
396 2261 499 2324 saepe.
535 2240 726 2304 salsamenta
743 2240 832 2317 haec,
852 2238 1036 2325 Stephanio,
1113 2253 1166 2310 380

213 2331 280 2396 Fac
297 2335 496 2396 macerentur
512 2333 652 2418 pilchre.
684 2332 747 2397 Du.
770 2332 816 2397 Di
833 2337 972 2398 nostram
989 2335 1096 2412 fidem,

213 2425 329 2491 Vtrum
348 2425 493 2490 studione
511 2426 544 2490 id
561 2426 621 2490 sibi
639 2426 736 2491 habet
753 2450 794 2492 an
811 2428 900 2493 laudi
916 2442 1008 2514 putat

213 2519 308 2596 Fore,
326 2521 354 2582 si
371 2519 543 2604 perdiderit
560 2521 712 2605 gnatum?
730 2544 790 2586 uae
808 2522 922 2587 miserti
940 2523 1031 2588 mihil

89 2631 116 2672 ao
214 2613 332 2678 Videre
350 2613 461 2677 uideor
478 2614 541 2678 iam
559 2615 643 2679 diem
663 2614 763 2692 illum,
786 2637 882 2700 quom
903 2616 976 2682 hinc
998 2640 1096 2703 egens

212 2707 379 2793 Profugiet
397 2708 503 2792 aliquo
521 2708 699 2773 militatum.
739 2708 793 2775 Su.
821 2708 1006 2789 Odeea
1112 2723 1164 2779 385

212 2802 300 2867 Istirc
318 2813 366 2866 est
384 2825 503 2888 sapere,
522 2805 585 2868 ndu
604 2804 690 2887 quod
707 2816 780 2870 ante
798 2806 895 2890 pedes
912 2807 1037 2872 modost

213 2895 341 2972 Vldera
361 2898 416 2961 sed
435 2897 529 2962 etiam
547 2898 601 2962 illa
619 2921 700 2982 quae
718 2898 827 2964 futrira
845 2912 918 2964 sunt

212 2988 408 3075 Prospioere.
460 2991 523 3057 Dn.
559 2991 666 3073 Quid?
699 2992 796 3058 istaec
825 2993 888 3057 iam
914 3016 1011 3080 penes
1037 3019 1095 3061 uos

552 3085 730 3171 psaltriast?

90 3197 115 3237 aa
129 3175 183 3243 Sr.
211 3176 315 3241 Ellam
332 3179 429 3243 intus.
464 3178 527 3243 Du.
546 3177 627 3254 Eho,
646 3202 688 3242 an
701 3179 817 3245 domist
828 3181 1011 3247 habiturus?
1039 3183 1093 3250 Su.

551 3270 667 3348 Credo,
685 3284 721 3338 ut
739 3285 786 3338 est

213 3365 392 3430 Dementia.
427 3365 490 3430 Du.
512 3366 636 3431 Haecin
654 3367 738 3432 fieril
776 3366 830 3433 Su.
852 3369 966 3454 Inepta
984 3370 1094 3434 lenitas
1111 3378 1163 3434 390

211 3458 317 3524 Patris
344 3462 375 3524 et
400 3459 534 3524 facilitas
560 3463 668 3545 praua.
712 3460 775 3525 Du.
801 3461 922 3527 Fratris
948 3466 998 3528 me
1025 3464 1094 3548 qui·

550 3554 622 3618 dem
1044 3614 1047 3622 .

212 3645 319 3710 Pudet
337 3644 495 3732 pigetque.
532 3647 585 3714 Sr.
609 3649 749 3713 Nimium
770 3649 852 3715 inter
873 3673 941 3729 uos,
960 3651 1093 3728 Demea,

213 3739 298 3821 (Non
325 3744 399 3825 qula
425 3743 499 3807 ades
526 3767 676 3829 praesens
702 3745 772 3809 dico
802 3744 875 3826 hoo)
905 3746 1094 3832 pernimium

550 3840 689 3902 interest.

90 3946 116 3986 to
215 3927 277 4005 Tu,
296 3933 433 4014 quantus
451 3932 609 4014 quantus,
627 3932 670 3996 nil
690 3932 749 3997 nisi
768 3933 921 4020 sapientia
938 3958 982 4011 es,

215 4022 272 4087 Ille
291 4025 457 4088 admnium.
495 4049 567 4089 aum
586 4029 707 4092 sineres
722 4049 804 4092 uero
816 4028 919 4090 ‘illum
930 4039 1029 4088 tuom
1130 4034 1196 4084 *333
