2602 4432
467 1044 798 1117 PROLOGVS.

195 1267 232 1336 Si
248 1272 456 1355 quisquamst,
473 1271 528 1354 qui
546 1272 672 1357 placere
690 1293 724 1338 se
740 1270 869 1337 studeit
885 1271 978 1338 bonis

193 1370 300 1456 Quam
317 1373 460 1459 piurimis
478 1385 509 1439 et
526 1375 667 1439 minume
684 1373 800 1440 multos
818 1375 954 1452 laedere,

191 1474 232 1540 In
248 1474 298 1540 his
315 1481 408 1561 poeta
425 1475 477 1541 hic
493 1477 610 1542 ndmen
627 1476 792 1562 profitetirr
808 1499 910 1542 suom.

192 1577 276 1643 Tum
295 1578 409 1662 siquis
426 1588 484 1657 est,
502 1579 558 1663 qui
575 1578 694 1645 dIctum
711 1578 745 1643 in
762 1601 796 1644 se
813 1578 1033 1645 inclementius

191 1680 409 1746 Existumauit
425 1683 505 1759 esse,
523 1681 569 1745 sic
587 1682 764 1757 existumet,
999 1743 1001 1746 Α
1151 1680 1170 1735 5

190 1783 402 1869 Respdnsum,
419 1803 484 1847 non
501 1782 620 1848 dictum
637 1784 717 1860 esse,
735 1783 810 1867 quia
826 1784 917 1849 laesit
933 1783 1028 1869 prior,

192 1885 258 1967 Qui
275 1886 358 1951 bene
375 1885 531 1950 uortenda
549 1896 581 1949 et
598 1883 726 1948 easdem
743 1885 911 1950 scribendd
928 1887 1011 1952 mala

191 1987 243 2053 Ex
262 1987 394 2054 Graccis
410 1984 505 2052 bouis
520 1986 653 2051 Latinas
670 1984 747 2052 fecit
762 1988 827 2052 ndu
843 1987 952 2053 bonas.

191 2091 283 2157 Idem
299 2090 471 2155 Menandri
488 2088 630 2154 Phasma
648 2085 763 2176 [nunc]
781 2112 884 2175 nuper
894 2089 1035 2177 pirdidit

191 2196 299 2278 Atque
315 2195 349 2257 in
367 2192 554 2258 Thensauro
571 2192 706 2276 scripsit,
725 2213 854 2257 eausam
871 2191 976 2258 dicere
1135 2200 1169 2254 10

190 2296 285 2361 Prius
302 2296 387 2360 riade
405 2295 531 2381 petitur,
550 2294 662 2358 airum
680 2314 795 2377 quare
814 2296 854 2358 sit
870 2316 972 2372 suom,

191 2397 297 2480 Quam
315 2397 379 2463 illic
397 2398 451 2482 qui
469 2397 557 2483 petit,
576 2396 661 2460 unde
677 2398 705 2459 is
723 2396 764 2460 sit
781 2395 969 2462 thensauris
987 2397 1048 2462 sibi

191 2501 260 2564 Aut
276 2500 361 2565 imde
378 2499 412 2564 in
429 2499 566 2585 patrium
583 2500 824 2563 mdnumentum
841 2499 1030 2584 peruenerit.

190 2601 317 2668 Dehinc
334 2603 374 2666 nd
392 2601 561 2666 frustretur
575 2602 645 2687 ipse
663 2621 697 2665 se
715 2611 770 2665 aut
786 2600 832 2666 sic
851 2600 969 2688 adgitet

191 2703 385 2769 ‘Defunctus
403 2703 466 2768 iam
485 2725 566 2780 sum,
583 2701 628 2766 nil
646 2700 797 2787 estquod
815 2703 899 2770 dicit
915 2703 1022 2772 mihi':
1134 2705 1169 2762 15

189 2807 223 2872 Is
241 2828 281 2872 ne
299 2808 381 2872 erret
398 2827 512 2870 moneo
530 2816 562 2871 et
580 2805 703 2870 desinat
720 2806 883 2871 lacessere.

189 2908 305 2975 Habeo
322 2909 385 2974 alia
401 2909 511 2984 multa,
529 2910 612 2992 quae
629 2928 714 2973 nunc
731 2907 971 2984 condonabitur,

190 3009 283 3095 Quae
300 3010 501 3096 preferentur
517 3012 600 3096 pdst,
618 3010 646 3075 si
662 3019 774 3094 perget
791 3009 927 3086 laedere,

188 3115 240 3180 Ita
257 3125 292 3177 ut
310 3114 415 3178 iacere
433 3112 574 3177 instituit.
610 3113 706 3194 quim
723 3133 808 3176 nnnc
826 3114 927 3176 acturi
944 3136 1052 3178 sumus

188 3215 359 3281 Menindri
375 3213 579 3292 Eunuchum,
597 3214 766 3299 pdstquam
784 3215 901 3280 aediles
919 3216 1073 3295 emerunt,
1131 3219 1167 3274 20

188 3317 328 3385 Perfecit
346 3317 406 3381 sibi
423 3327 459 3382 ut
475 3315 666 3402 inspiciundi
683 3326 765 3380 esset
783 3316 881 3401 adpia.

187 3420 398 3506 Magistratus
416 3441 512 3504 quom
530 3418 575 3483 ibi
592 3415 727 3496 adesset,
746 3421 907 3503 occeptast
924 3419 987 3508 agi·

189 3521 357 3587 Exclamat
374 3521 487 3597 iurem,
505 3521 570 3585 ndu
587 3525 714 3605 podiam
731 3518 873 3584 fabulam

187 3625 326 3690 Dedisse
344 3634 375 3689 et
391 3623 437 3688 nil
455 3622 579 3688 dedisse
596 3621 767 3687 uerborum
785 3634 905 3687 tamen:

189 3725 340 3792 Colacem
358 3728 427 3791 esse
444 3726 548 3791 Naeui
566 3738 595 3789 et
613 3723 732 3801 Plauti,
756 3735 896 3790 ueterem
914 3726 1055 3792 fabulam
1061 3752 1070 3804 3
1130 3733 1165 3788 25

187 3828 325 3894 Parasiti
342 3850 509 3914 personam
526 3827 600 3891 inde
618 3826 757 3892 ablatam
774 3839 807 3892 et
823 3827 939 3892 militis.

189 3930 226 3996 Si
242 3930 276 3994 id
294 3932 342 3994 est
359 3941 535 4015 peccatum,
553 3930 719 4014 peceatum
736 3902 965 4015 inpruddrtiast

188 4031 319 4112 Podtae,
338 4053 401 4096 non
419 4051 483 4122 quo
500 4030 620 4102 furtum
638 4031 743 4103 iacere
760 4030 923 4102 studuerit.
