2602 4432
170 217 213 284 24
391 228 395 237 ·
487 227 489 232 ·
577 231 728 290 Arnum
1088 236 1131 308 11,
1141 236 1194 295 ss

255 354 358 437 Qudsi
374 377 521 422 necessus
539 358 589 434 sit,
607 355 635 421 si
652 355 727 421 huic
743 378 808 422 non
825 357 890 436 dat,
908 359 940 422 te
957 356 1046 424 illam
1063 380 1145 424 uxo·
1156 376 1185 421 re

594 472 661 515 rem
678 449 804 529 ducere,

255 544 325 609 Nisi
347 544 453 621 uides,
479 543 541 608 nisi
562 545 646 609 senis
673 544 791 610 amieos
818 545 904 624 drus,
930 546 1044 612 ambis.
1080 544 1143 614 Cn.

594 639 684 703 Beue
701 660 826 705 mones:

253 713 322 809 ibo,
345 731 404 797 etsi
422 731 527 798 hercle
548 733 643 891 sad&
660 733 797 892 iamlme
818 736 892 821 spds
914 734 993 801 haee
1010 735 1144 802 frustra·

644 836 666 892 t.
693 849 735 892 ua
748 849 775 893 e.

421 1012 670 1080 Psururuvs
734 1015 881 1082 Divos

445 1121 640 1166 snvuuscurs
743 1122 856 1167 suevos

100 1221 151 1276 375
167 1202 227 1267 ΡΑ.
251 1201 339 1284 Quid
360 1201 458 1289 igitur
479 1202 541 1267 sibi
561 1203 629 1268 udlt
654 1205 762 1290 pater?
792 1226 872 1289 quor
894 1204 1040 1270 simulat?
1073 1204 1223 1284 Dens.

592 1295 665 1384 Ego
683 1299 787 1362 dicam
804 1297 871 1363 tibi.

253 1388 290 1456 Si
306 1389 340 1454 id
357 1391 540 1455 suscensedt
557 1413 652 1467 nune,
674 1392 750 1476 quia
771 1414 835 1456 non
853 1393 907 1457 det
928 1391 986 1457 tibi
1007 1393 1141 1457 uxordm

594 1482 759 1560 Chremes,
804 1539 808 1549 .

251 1576 346 1641 Prius
377 1597 474 1660 quam
500 1588 588 1642 tuom
619 1589 655 1643 ut
686 1601 755 1644 sese
780 1579 897 1645 hdbeat
927 1579 1069 1644 animum
1098 1579 1140 1645 ad

590 1673 717 1759 ndptias
734 1673 945 1759 perspexerit:

250 1744 345 1851 ipsus
362 1765 424 1830 sibi
437 1788 506 1831 esse
522 1766 655 1832 iniririus
668 1767 825 1846 uidedtur,
843 1790 947 1852 neque
964 1768 998 1833 id
1014 1768 1138 1834 iniriria.

253 1856 319 1924 Sed
336 1859 363 1923 si
380 1871 415 1925 tu
433 1861 558 1947 negdris
581 1861 706 1940 ducere,
728 1863 774 1927 ibi
791 1863 918 1948 eulpam
936 1863 969 1928 in
987 1873 1018 1929 te
1036 1865 1139 1929 trdus·
1165 1881 1180 1923 s

592 1956 687 2021 feret:

251 2048 336 2112 Turn
353 2047 426 2112 illae
444 2047 557 2112 turbae
574 2048 661 2115 fient.
692 2051 753 2115 Pr.
777 2050 915 2133 Quiduis
934 2050 1045 2137 pdtiar.
1072 2049 1138 2115 DA.

590 2143 687 2209 Pater
705 2158 761 2224 est,
779 2144 962 2231 Pdmphile:

251 2235 432 2302 Difficilest.
465 2246 533 2300 tum
554 2235 633 2302 haee
655 2238 752 2304 sdlast
772 2240 894 2307 mulier.
925 2240 1046 2305 dietum
1069 2236 1138 2326 [ae]

593 2331 712 2397 factum
729 2333 885 2398 inuenerit

251 2406 405 2509 Aliquam
431 2445 574 2502 eausam,
606 2445 702 2508 quam
729 2426 770 2491 db
796 2450 863 2492 rem
890 2428 983 2492 e'ieiat
1009 2426 1138 2513 dppido.
1224 2413 1227 2419 ¹

591 2517 651 2582 Pr.
679 2518 801 2584 E'r'eidt?
836 2520 900 2585 DA.
929 2518 1013 2586 Cito.

166 2614 226 2678 Pr.
250 2610 340 2677 Cedo
352 2611 459 2697 igitur,
473 2611 551 2692 quid
563 2611 689 2690 idriam,
698 2613 813 2678 Daue?
830 2612 894 2678 DA.
909 2614 1012 2680 Dicte
1025 2615 1139 2678 duetu-

590 2728 670 2770 rum.
689 2706 749 2772 Pr.
768 2709 864 2773 Hem.
883 2707 947 2772 Dr.
967 2707 1055 2790 Quid
1072 2708 1138 2773 est?

165 2801 226 2866 Pr.
248 2801 344 2887 Egon
368 2797 489 2863 dicam?
527 2797 590 2864 Dr.
624 2797 716 2880 Quor
740 2801 823 2864 non?
862 2802 922 2865 Pr.
955 2800 1137 2885 Numquam
1152 2821 1179 2861 ro

592 2891 718 2957 faeiem.
744 2892 808 2958 DA.
827 2895 877 2959 Ne
895 2917 988 2980 nega.

98 3002 150 3056 385
166 2987 226 3051 Pr.
250 2985 393 3053 Suadere
410 2984 484 3050 noli.
517 2983 583 3050 Ds.
609 2984 662 3050 Ex
680 2989 718 3051 ed
735 3010 769 3052 re
787 2988 864 3071 quid
881 2988 947 3064 fiut,
967 2987 1051 3052 uide.

165 3081 225 3145 Pu.
248 3081 294 3147 Vt
320 3079 441 3147 abula
469 3079 633 3157 excludar,
660 3079 722 3146 hdo
749 3082 927 3146 concludar.
967 3080 1032 3146 Dr.
1063 3082 1137 3146 Ndn

591 3173 673 3238 itast.

251 3268 375 3353 Nempe
393 3266 454 3332 hdo
472 3266 517 3332 sic
535 3289 605 3332 esse
623 3270 748 3352 opinor:
771 3267 928 3332 dieturr'rm
946 3279 1069 3354 patrem

252 3361 377 3426 ‘Dueds
393 3359 468 3425 uolo
486 3359 580 3424 hodie
597 3361 758 3439 uxbrem’3
782 3371 818 3426 tu
836 3362 979 3426 ‘ducam’
996 3362 1135 3446 inquies:

253 3454 342 3521 Cedo
360 3454 438 3538 quid
454 3453 593 3540 iurgabit
611 3456 714 3519 terum
733 3456 804 3521 hic?
826 3455 939 3520 reddes
958 3455 1073 3534 dmnia,
1151 3476 1177 3517 15
1196 3519 1199 3525 .

252 3548 345 3631 Quae
380 3547 464 3612 nune
496 3559 568 3611 sunt
599 3559 685 3613 eerta
715 3548 743 3614 ei
774 3549 919 3626 edusilia,
950 3550 1071 3614 incerta
1100 3549 1137 3616 ut

595 3643 685 3719 sient,

252 3734 330 3801 Sine
348 3736 435 3799 omni
451 3734 579 3820 periclo.
597 3759 672 3800 nam
690 3734 751 3801 hdo
767 3736 854 3800 haud
868 3735 1041 3814 dubiumst,
1059 3739 1136 3821 quin

591 3826 746 3894 Chremes

250 3921 325 3986 Tibi
341 3920 406 3987 ndn
428 3921 481 3987 det
504 3932 647 4008 gnatam3
669 3925 728 3987 nde
750 3933 784 3987 tu
808 3945 845 3988 ea
868 3945 964 3988 causa
986 3924 1135 3990 minueris

250 4016 341 4086 Haeo
359 4017 440 4108 quae
458 4016 547 4097 facis,
564 4039 604 4084 ne
621 4017 649 4087 is
667 4016 767 4087 mutet
785 4039 876 4086 suam
894 4017 1091 4089 sententiam.
