<?xml version="1.0" encoding="UTF-8"?>
<!DOCTYPE html PUBLIC "-//W3C//DTD XHTML 1.0 Transitional//EN"
    "http://www.w3.org/TR/xhtml1/DTD/xhtml1-transitional.dtd">
<html xmlns="http://www.w3.org/1999/xhtml" xml:lang="en" lang="en">
 <head>
  <title>
</title>
<meta http-equiv="Content-Type" content="text/html;charset=utf-8" />
  <meta name='ocr-system' content='tesseract 3.04.00' />
  <meta name='ocr-capabilities' content='ocr_page ocr_carea ocr_par ocr_line ocrx_word'/>
</head>
<body>
  <div class='ocr_page' id='page_1' title='image "./comoediae00lindgoog_0231.png"; bbox 0 0 2602 4432; ppageno 0'>
   <div class='ocr_carea' id='block_1_1' title="bbox 166 203 1195 294">
    <p class='ocr_par' dir='ltr' id='par_1_1' title="bbox 166 203 1195 294">
     <span class='ocr_line' id='line_1_1' title="bbox 166 203 1195 294; baseline 0.012 -23"><span class='ocrx_word' id='word_1_1' title='bbox 166 203 228 272; x_wconf 87' lang='grc'>186</span> <span class='ocrx_word' id='word_1_2' title='bbox 563 217 739 276; x_wconf 84' lang='lat' dir='ltr'>PHORMIO</span> <span class='ocrx_word' id='word_1_3' title='bbox 1078 221 1116 294; x_wconf 84' lang='lat' dir='ltr'>V,</span> <span class='ocrx_word' id='word_1_4' title='bbox 1129 223 1156 280; x_wconf 80' lang='lat'>5.</span> <span class='ocrx_word' id='word_1_5' title='bbox 1170 217 1195 283; x_wconf 65' lang='grc'><strong>6</strong></span> 
     </span>
    </p>
   </div>
   <div class='ocr_carea' id='block_1_2' title="bbox 246 339 1196 802">
    <p class='ocr_par' dir='ltr' id='par_1_2' title="bbox 247 339 1135 452">
     <span class='ocr_line' id='line_1_2' title="bbox 247 339 1135 452; baseline 0.005 -45"><span class='ocrx_word' id='word_1_6' title='bbox 247 339 333 407; x_wconf 85' lang='lat' dir='ltr'>Nam</span> <span class='ocrx_word' id='word_1_7' title='bbox 350 339 513 427; x_wconf 68' lang='lat' dir='ltr'>petaturus</span> <span class='ocrx_word' id='word_1_8' title='bbox 531 341 579 406; x_wconf 71' lang='lat' dir='ltr'>est</span> <span class='ocrx_word' id='word_1_9' title='bbox 596 342 682 452; x_wconf 73' lang='lat' dir='ltr'>apud</span> <span class='ocrx_word' id='word_1_10' title='bbox 699 366 761 409; x_wconf 88' lang='lat' dir='ltr'>me.</span> <span class='ocrx_word' id='word_1_11' title='bbox 793 363 853 430; x_wconf 85' lang='lat' dir='ltr'>ego</span> <span class='ocrx_word' id='word_1_12' title='bbox 871 367 922 411; x_wconf 90' lang='lat' dir='ltr'>me</span> <span class='ocrx_word' id='word_1_13' title='bbox 939 343 985 411; x_wconf 86' lang='lat' dir='ltr'>ire</span> <span class='ocrx_word' id='word_1_14' title='bbox 1002 344 1135 411; x_wconf 81' lang='lat' dir='ltr'>senibus</span> 
     </span>
    </p>

    <p class='ocr_par' dir='ltr' id='par_1_3' title="bbox 247 434 1196 709">
     <span class='ocr_line' id='line_1_3' title="bbox 247 434 1175 617; baseline -0.002 -23"><span class='ocrx_word' id='word_1_15' title='bbox 247 529 363 596; x_wconf 80' lang='lat' dir='ltr'><strong>Dicam</strong></span> <span class='ocrx_word' id='word_1_16' title='bbox 381 529 423 594; x_wconf 61' lang='lat' dir='ltr'>id</span> <span class='ocrx_word' id='word_1_17' title='bbox 439 434 827 607; x_wconf 50' lang='lat' dir='ltr'>memmgffluffilulam</span> <span class='ocrx_word' id='word_1_18' title='bbox 850 543 992 617; x_wconf 90' lang='lat' dir='ltr'>emptum</span> <span class='ocrx_word' id='word_1_19' title='bbox 1009 532 1133 597; x_wconf 79' lang='lat' dir='ltr'>dudum</span> <span class='ocrx_word' id='word_1_20' title='bbox 1147 552 1175 593; x_wconf 84' lang='lat'>10</span> 
     </span>
     <span class='ocr_line' id='line_1_4' title="bbox 586 624 1196 709; baseline 0 -20"><span class='ocrx_word' id='word_1_21' title='bbox 586 646 683 709; x_wconf 80' lang='lat' dir='ltr'>quam</span> <span class='ocrx_word' id='word_1_22' title='bbox 700 625 780 690; x_wconf 82' lang='lat' dir='ltr'><strong>dixit</strong></span> <span class='ocrx_word' id='word_1_23' title='bbox 797 624 896 692; x_wconf 80' lang='lat' dir='ltr'>Geta:</span> <span class='ocrx_word' id='word_1_24' title='bbox 1193 684 1196 689; x_wconf 88' lang='lat'>.</span> 
     </span>
    </p>

    <p class='ocr_par' dir='ltr' id='par_1_4' title="bbox 246 716 1185 802">
     <span class='ocr_line' id='line_1_5' title="bbox 246 716 1185 802; baseline 0 -19"><span class='ocrx_word' id='word_1_25' title='bbox 246 717 296 783; x_wconf 89' lang='lat' dir='ltr'>Ne</span> <span class='ocrx_word' id='word_1_26' title='bbox 314 739 410 802; x_wconf 91' lang='lat' dir='ltr'>quom</span> <span class='ocrx_word' id='word_1_27' title='bbox 431 717 483 784; x_wconf 86' lang='lat' dir='ltr'>hle</span> <span class='ocrx_word' id='word_1_28' title='bbox 504 739 569 782; x_wconf 93' lang='lat' dir='ltr'>non</span> <span class='ocrx_word' id='word_1_29' title='bbox 590 717 730 796; x_wconf 85' lang='lat' dir='ltr'>uideant,</span> <span class='ocrx_word' id='word_1_30' title='bbox 751 721 803 783; x_wconf 77' lang='lat' dir='ltr'>me</span> <span class='ocrx_word' id='word_1_31' title='bbox 825 719 979 785; x_wconf 80' lang='lat' dir='ltr'>conficere</span> <span class='ocrx_word' id='word_1_32' title='bbox 1001 719 1133 784; x_wconf 77' lang='lat' dir='ltr'>credant</span> <span class='ocrx_word' id='word_1_33' title='bbox 1183 716 1185 721; x_wconf 76' lang='grc'><strong>’</strong></span> 
     </span>
    </p>
   </div>
   <div class='ocr_carea' id='block_1_3' title="bbox 91 813 1131 991">
    <p class='ocr_par' dir='ltr' id='par_1_5' title="bbox 91 813 1131 991">
     <span class='ocr_line' id='line_1_6' title="bbox 208 813 871 904; baseline 0.012 -33"><span class='ocrx_word' id='word_1_34' title='bbox 208 896 213 904; x_wconf 93' lang='lat'>.</span> <span class='ocrx_word' id='word_1_35' title='bbox 586 813 753 898; x_wconf 77' lang='lat' dir='ltr'>argentum</span> <span class='ocrx_word' id='word_1_36' title='bbox 771 835 871 879; x_wconf 79' lang='lat' dir='ltr'>suom.</span> 
     </span>
     <span class='ocr_line' id='line_1_7' title="bbox 91 903 1131 991; baseline 0.008 -27"><span class='ocrx_word' id='word_1_37' title='bbox 91 909 144 964; x_wconf 85' lang='lat'>840</span> <span class='ocrx_word' id='word_1_38' title='bbox 246 903 312 970; x_wconf 89' lang='lat' dir='ltr'>Sed</span> <span class='ocrx_word' id='word_1_39' title='bbox 338 904 452 970; x_wconf 76' lang='lat' dir='ltr'>&lt;istium</span> <span class='ocrx_word' id='word_1_40' title='bbox 478 905 661 991; x_wconf 77' lang='lat' dir='ltr'>concrepuit</span> <span class='ocrx_word' id='word_1_41' title='bbox 686 907 744 972; x_wconf 83' lang='lat' dir='ltr'>abs</span> <span class='ocrx_word' id='word_1_42' title='bbox 769 919 811 973; x_wconf 88' lang='lat' dir='ltr'>te.</span> <span class='ocrx_word' id='word_1_43' title='bbox 858 909 922 973; x_wconf 78' lang='lat' dir='ltr'>An.</span> <span class='ocrx_word' id='word_1_44' title='bbox 947 907 1030 974; x_wconf 82' lang='lat' dir='ltr'>the</span> <span class='ocrx_word' id='word_1_45' title='bbox 1057 906 1131 990; x_wconf 92' lang='lat' dir='ltr'>quis</span> 
     </span>
    </p>
   </div>
   <div class='ocr_carea' id='block_1_4' title="bbox 584 999 992 1087">
    <p class='ocr_par' dir='ltr' id='par_1_6' title="bbox 584 999 992 1087">
     <span class='ocr_line' id='line_1_8' title="bbox 584 999 992 1087; baseline -0.002 -21"><span class='ocrx_word' id='word_1_46' title='bbox 584 1000 754 1087; x_wconf 77' lang='lat' dir='ltr'>egreditur.</span> <span class='ocrx_word' id='word_1_47' title='bbox 788 1001 849 1066; x_wconf 77' lang='lat' dir='ltr'>Pu.</span> <span class='ocrx_word' id='word_1_48' title='bbox 868 999 992 1068; x_wconf 85' lang='lat' dir='ltr'>Getast.</span> 
     </span>
    </p>
   </div>
   <div class='ocr_carea' id='block_1_5' title="bbox 329 1263 957 1425">
    <p class='ocr_par' dir='ltr' id='par_1_7' title="bbox 329 1263 957 1425">
     <span class='ocr_line' id='line_1_9' title="bbox 329 1263 957 1332; baseline -0.002 0"><span class='ocrx_word' id='word_1_49' title='bbox 329 1263 447 1332; x_wconf 72' lang='lat' dir='ltr'>Gnns</span> <span class='ocrx_word' id='word_1_50' title='bbox 507 1264 701 1331; x_wconf 68' lang='lat' dir='ltr'>Ammo</span> <span class='ocrx_word' id='word_1_51' title='bbox 762 1265 957 1331; x_wconf 73' lang='lat' dir='ltr'>Pisonum</span> 
     </span>
     <span class='ocr_line' id='line_1_10' title="bbox 332 1380 941 1425; baseline 0.002 -1"><span class='ocrx_word' id='word_1_52' title='bbox 332 1380 443 1424; x_wconf 80' lang='lat' dir='ltr'>snnvos</span> <span class='ocrx_word' id='word_1_53' title='bbox 507 1380 701 1424; x_wconf 75' lang='lat' dir='ltr'>snvnusesns</span> <span class='ocrx_word' id='word_1_54' title='bbox 777 1382 941 1425; x_wconf 66' lang='lat' dir='ltr'>eumenus</span> 
     </span>
    </p>
   </div>
   <div class='ocr_carea' id='block_1_6' title="bbox 10 1437 1183 4093">
    <p class='ocr_par' dir='ltr' id='par_1_8' title="bbox 10 1437 1183 4093">
     <span class='ocr_line' id='line_1_11' title="bbox 159 1437 1183 1626; baseline -0.003 -90"><span class='ocrx_word' id='word_1_55' title='bbox 159 1468 221 1536; x_wconf 83' lang='lat' dir='ltr'>Ge.</span> <span class='ocrx_word' id='word_1_56' title='bbox 246 1448 278 1534; x_wconf 70' lang='lat' dir='ltr'>(l</span> <span class='ocrx_word' id='word_1_57' title='bbox 300 1470 452 1547; x_wconf 80' lang='lat' dir='ltr'><strong>Fortuna,</strong></span> <span class='ocrx_word' id='word_1_58' title='bbox 478 1468 599 1534; x_wconf 81' lang='lat' dir='ltr'>oFtirs</span> <span class='ocrx_word' id='word_1_59' title='bbox 619 1469 777 1626; x_wconf 54' lang='lat' dir='ltr'>Flertunm</span> <span class='ocrx_word' id='word_1_60' title='bbox 804 1471 929 1554; x_wconf 66' lang='lat' dir='ltr'>quintis</span> <span class='ocrx_word' id='word_1_61' title='bbox 955 1437 1183 1543; x_wconf 49' lang='lat' dir='ltr'>commodi-vis</span> 
     </span>
     <span class='ocr_line' id='line_1_12' title="bbox 580 1562 697 1628; baseline 0.017 -2"><span class='ocrx_word' id='word_1_62' title='bbox 580 1562 637 1627; x_wconf 74' lang='lat' dir='ltr'>teti</span> <span class='ocrx_word' id='word_1_63' title='bbox 660 1586 697 1628; x_wconf 89' lang='lat' dir='ltr'>us</span> 
     </span>
     <span class='ocr_line' id='line_1_13' title="bbox 243 1610 1130 1744; baseline 0.005 -23"><span class='ocrx_word' id='word_1_64' title='bbox 243 1656 349 1738; x_wconf 66' lang='lat' dir='ltr'>Quum</span> <span class='ocrx_word' id='word_1_65' title='bbox 369 1656 473 1722; x_wconf 88' lang='lat' dir='ltr'>subito</span> <span class='ocrx_word' id='word_1_66' title='bbox 491 1678 562 1722; x_wconf 91' lang='lat' dir='ltr'>meo</span> <span class='ocrx_word' id='word_1_67' title='bbox 579 1679 633 1723; x_wconf 87' lang='lat' dir='ltr'>ero</span> <span class='ocrx_word' id='word_1_68' title='bbox 647 1610 825 1743; x_wconf 66' lang='lat' dir='ltr'>Antiphoni</span> <span class='ocrx_word' id='word_1_69' title='bbox 841 1680 903 1744; x_wconf 89' lang='lat' dir='ltr'>ope</span> <span class='ocrx_word' id='word_1_70' title='bbox 919 1660 1026 1724; x_wconf 72' lang='lat' dir='ltr'>uestra</span> <span class='ocrx_word' id='word_1_71' title='bbox 1043 1659 1130 1724; x_wconf 85' lang='lat' dir='ltr'>hune</span> 
     </span>
     <span class='ocr_line' id='line_1_14' title="bbox 581 1751 850 1817; baseline 0.004 -2"><span class='ocrx_word' id='word_1_72' title='bbox 581 1753 733 1817; x_wconf 84' lang='lat' dir='ltr'>onerastis</span> <span class='ocrx_word' id='word_1_73' title='bbox 752 1751 850 1817; x_wconf 87' lang='lat' dir='ltr'>diem!</span> 
     </span>
     <span class='ocr_line' id='line_1_15' title="bbox 158 1843 1128 1930; baseline -0.001 -17"><span class='ocrx_word' id='word_1_74' title='bbox 158 1848 220 1913; x_wconf 81' lang='lat' dir='ltr'>An.</span> <span class='ocrx_word' id='word_1_75' title='bbox 243 1845 331 1928; x_wconf 84' lang='lat' dir='ltr'>Quid</span> <span class='ocrx_word' id='word_1_76' title='bbox 348 1868 423 1910; x_wconf 84' lang='lat' dir='ltr'>nam</span> <span class='ocrx_word' id='word_1_77' title='bbox 439 1844 492 1911; x_wconf 85' lang='lat' dir='ltr'>hie</span> <span class='ocrx_word' id='word_1_78' title='bbox 509 1844 569 1910; x_wconf 83' lang='lat' dir='ltr'>sibi</span> <span class='ocrx_word' id='word_1_79' title='bbox 586 1844 673 1910; x_wconf 82' lang='lat' dir='ltr'>uolt?</span> <span class='ocrx_word' id='word_1_80' title='bbox 703 1843 765 1911; x_wconf 80' lang='lat' dir='ltr'>Ge.</span> <span class='ocrx_word' id='word_1_81' title='bbox 783 1846 906 1930; x_wconf 82' lang='lat' dir='ltr'>ntisque</span> <span class='ocrx_word' id='word_1_82' title='bbox 924 1847 1041 1912; x_wconf 81' lang='lat' dir='ltr'>amieos</span> <span class='ocrx_word' id='word_1_83' title='bbox 1059 1849 1128 1912; x_wconf 88' lang='lat' dir='ltr'>elus</span> 
     </span>
     <span class='ocr_line' id='line_1_16' title="bbox 582 1940 892 2005; baseline 0.003 -1"><span class='ocrx_word' id='word_1_84' title='bbox 582 1941 773 2004; x_wconf 82' lang='lat' dir='ltr'>exonerastis</span> <span class='ocrx_word' id='word_1_85' title='bbox 791 1940 892 2005; x_wconf 84' lang='lat' dir='ltr'>metui</span> 
     </span>
     <span class='ocr_line' id='line_1_17' title="bbox 243 2032 1129 2120; baseline 0.001 -20"><span class='ocrx_word' id='word_1_86' title='bbox 243 2033 310 2100; x_wconf 74' lang='lat' dir='ltr'>sed</span> <span class='ocrx_word' id='word_1_87' title='bbox 328 2056 388 2120; x_wconf 86' lang='lat' dir='ltr'>ego</span> <span class='ocrx_word' id='word_1_88' title='bbox 405 2056 490 2100; x_wconf 87' lang='lat' dir='ltr'>nune</span> <span class='ocrx_word' id='word_1_89' title='bbox 508 2032 585 2097; x_wconf 90' lang='lat' dir='ltr'>mihi</span> <span class='ocrx_word' id='word_1_90' title='bbox 604 2034 702 2112; x_wconf 76' lang='lat' dir='ltr'>cesso,</span> <span class='ocrx_word' id='word_1_91' title='bbox 720 2033 856 2117; x_wconf 89' lang='lat' dir='ltr'>quinon</span> <span class='ocrx_word' id='word_1_92' title='bbox 878 2035 1022 2100; x_wconf 75' lang='lat' dir='ltr'>umerum</span> <span class='ocrx_word' id='word_1_93' title='bbox 1042 2034 1129 2101; x_wconf 85' lang='lat' dir='ltr'>hune</span> 
     </span>
     <span class='ocr_line' id='line_1_18' title="bbox 581 2128 791 2213; baseline 0.01 -22"><span class='ocrx_word' id='word_1_94' title='bbox 581 2149 677 2193; x_wconf 90' lang='lat' dir='ltr'>onero</span> <span class='ocrx_word' id='word_1_95' title='bbox 695 2128 791 2213; x_wconf 66' lang='lat' dir='ltr'>pullio</span> 
     </span>
     <span class='ocr_line' id='line_1_19' title="bbox 10 2185 1168 2308; baseline 0.002 -25"><span class='ocrx_word' id='word_1_96' title='bbox 10 2185 64 2283; x_wconf 73' lang='lat'><em>&gt;</em></span> <span class='ocrx_word' id='word_1_97' title='bbox 88 2237 140 2292; x_wconf 86' lang='lat'>845</span> <span class='ocrx_word' id='word_1_98' title='bbox 241 2203 351 2306; x_wconf 72' lang='lat' dir='ltr'>sitque</span> <span class='ocrx_word' id='word_1_99' title='bbox 374 2221 535 2286; x_wconf 88' lang='lat' dir='ltr'>hominem</span> <span class='ocrx_word' id='word_1_100' title='bbox 556 2244 691 2308; x_wconf 87' lang='lat' dir='ltr'>propero</span> <span class='ocrx_word' id='word_1_101' title='bbox 712 2221 865 2300; x_wconf 82' lang='lat' dir='ltr'>inuenire,</span> <span class='ocrx_word' id='word_1_102' title='bbox 888 2234 925 2287; x_wconf 90' lang='lat' dir='ltr'>ut</span> <span class='ocrx_word' id='word_1_103' title='bbox 946 2222 1024 2288; x_wconf 73' lang='lat' dir='ltr'>haee</span> <span class='ocrx_word' id='word_1_104' title='bbox 1044 2245 1127 2307; x_wconf 87' lang='lat' dir='ltr'>quae</span> <span class='ocrx_word' id='word_1_105' title='bbox 1154 2243 1168 2285; x_wconf 83' lang='lat' dir='ltr'>s</span> 
     </span>
     <span class='ocr_line' id='line_1_20' title="bbox 582 2314 933 2400; baseline 0 -20"><span class='ocrx_word' id='word_1_106' title='bbox 582 2314 771 2400; x_wconf 82' lang='lat' dir='ltr'>contigerint</span> <span class='ocrx_word' id='word_1_107' title='bbox 789 2316 876 2380; x_wconf 80' lang='lat' dir='ltr'>sciat.</span> <span class='ocrx_word' id='word_1_108' title='bbox 931 2314 933 2318; x_wconf 9' lang='grc' dir='ltr'>ἱ</span> 
     </span>
     <span class='ocr_line' id='line_1_21' title="bbox 156 2408 1128 2494; baseline 0.002 -21"><span class='ocrx_word' id='word_1_109' title='bbox 156 2410 219 2475; x_wconf 83' lang='lat' dir='ltr'>An.</span> <span class='ocrx_word' id='word_1_110' title='bbox 242 2410 328 2474; x_wconf 79' lang='lat' dir='ltr'>Ntim</span> <span class='ocrx_word' id='word_1_111' title='bbox 346 2420 381 2473; x_wconf 93' lang='lat' dir='ltr'>tu</span> <span class='ocrx_word' id='word_1_112' title='bbox 399 2408 568 2494; x_wconf 85' lang='lat' dir='ltr'>intellegis,</span> <span class='ocrx_word' id='word_1_113' title='bbox 585 2408 663 2493; x_wconf 87' lang='lat' dir='ltr'>quid</span> <span class='ocrx_word' id='word_1_114' title='bbox 677 2409 729 2473; x_wconf 86' lang='lat' dir='ltr'>hie</span> <span class='ocrx_word' id='word_1_115' title='bbox 746 2409 870 2475; x_wconf 78' lang='lat' dir='ltr'>narret?</span> <span class='ocrx_word' id='word_1_116' title='bbox 894 2409 955 2474; x_wconf 82' lang='lat' dir='ltr'>Pu.</span> <span class='ocrx_word' id='word_1_117' title='bbox 969 2409 1054 2474; x_wconf 76' lang='lat' dir='ltr'>Nism</span> <span class='ocrx_word' id='word_1_118' title='bbox 1073 2411 1128 2475; x_wconf 82' lang='lat' dir='ltr'>tu?</span> 
     </span>
     <span class='ocr_line' id='line_1_22' title="bbox 580 2501 1126 2590; baseline 0.004 -23"><span class='ocrx_word' id='word_1_119' title='bbox 580 2502 643 2567; x_wconf 80' lang='lat' dir='ltr'>An.</span> <span class='ocrx_word' id='word_1_120' title='bbox 661 2502 725 2567; x_wconf 91' lang='lat' dir='ltr'>Nil.</span> <span class='ocrx_word' id='word_1_121' title='bbox 760 2501 821 2569; x_wconf 78' lang='lat' dir='ltr'>Pu.</span> <span class='ocrx_word' id='word_1_122' title='bbox 834 2502 1037 2568; x_wconf 74' lang='lat' dir='ltr'>Tantundem</span> <span class='ocrx_word' id='word_1_123' title='bbox 1054 2526 1126 2590; x_wconf 86' lang='lat' dir='ltr'>ego.</span> 
     </span>
     <span class='ocr_line' id='line_1_23' title="bbox 158 2578 1125 2683; baseline 0.003 -22"><span class='ocrx_word' id='word_1_124' title='bbox 158 2593 220 2661; x_wconf 84' lang='lat' dir='ltr'>Gn.</span> <span class='ocrx_word' id='word_1_125' title='bbox 242 2578 298 2662; x_wconf 71' lang='lat' dir='ltr'>ld</span> <span class='ocrx_word' id='word_1_126' title='bbox 322 2597 468 2662; x_wconf 92' lang='lat' dir='ltr'>lenonem</span> <span class='ocrx_word' id='word_1_127' title='bbox 498 2594 572 2661; x_wconf 86' lang='lat' dir='ltr'>hine</span> <span class='ocrx_word' id='word_1_128' title='bbox 602 2598 648 2661; x_wconf 81' lang='lat' dir='ltr'>ire</span> <span class='ocrx_word' id='word_1_129' title='bbox 678 2619 823 2683; x_wconf 86' lang='lat' dir='ltr'>pergam:</span> <span class='ocrx_word' id='word_1_130' title='bbox 853 2597 898 2661; x_wconf 93' lang='lat' dir='ltr'>ibi</span> <span class='ocrx_word' id='word_1_131' title='bbox 927 2598 1011 2662; x_wconf 80' lang='lat' dir='ltr'>nuno</span> <span class='ocrx_word' id='word_1_132' title='bbox 1041 2611 1125 2664; x_wconf 92' lang='lat' dir='ltr'>sunt.</span> 
     </span>
     <span class='ocr_line' id='line_1_24' title="bbox 580 2675 1126 2767; baseline 0.007 -14"><span class='ocrx_word' id='word_1_133' title='bbox 580 2690 643 2756; x_wconf 80' lang='lat' dir='ltr'>An.</span> <span class='ocrx_word' id='word_1_134' title='bbox 656 2691 759 2767; x_wconf 87' lang='lat' dir='ltr'>Heus,</span> <span class='ocrx_word' id='word_1_135' title='bbox 779 2687 878 2757; x_wconf 79' lang='lat' dir='ltr'>Geta!</span> <span class='ocrx_word' id='word_1_136' title='bbox 902 2689 962 2756; x_wconf 84' lang='lat' dir='ltr'>Gn.</span> <span class='ocrx_word' id='word_1_137' title='bbox 975 2675 1037 2756; x_wconf 69' lang='lat' dir='ltr'>Em</span> <span class='ocrx_word' id='word_1_138' title='bbox 1053 2692 1126 2758; x_wconf 88' lang='lat' dir='ltr'>tibi:</span> 
     </span>
     <span class='ocr_line' id='line_1_25' title="bbox 241 2784 1127 2870; baseline 0.002 -20"><span class='ocrx_word' id='word_1_139' title='bbox 241 2785 327 2870; x_wconf 76' lang='lat' dir='ltr'>Nitm</span> <span class='ocrx_word' id='word_1_140' title='bbox 345 2784 460 2849; x_wconf 89' lang='lat' dir='ltr'>mirum</span> <span class='ocrx_word' id='word_1_141' title='bbox 478 2796 533 2849; x_wconf 83' lang='lat' dir='ltr'>aut</span> <span class='ocrx_word' id='word_1_142' title='bbox 550 2785 697 2849; x_wconf 85' lang='lat' dir='ltr'>nomimst</span> <span class='ocrx_word' id='word_1_143' title='bbox 714 2784 866 2862; x_wconf 86' lang='lat' dir='ltr'>reuocari,</span> <span class='ocrx_word' id='word_1_144' title='bbox 884 2785 1011 2849; x_wconf 75' lang='lat' dir='ltr'>missum</span> <span class='ocrx_word' id='word_1_145' title='bbox 1029 2807 1127 2870; x_wconf 87' lang='lat' dir='ltr'>quom</span> 
     </span>
     <span class='ocr_line' id='line_1_26' title="bbox 580 2875 959 2945; baseline 0.008 -4"><span class='ocrx_word' id='word_1_146' title='bbox 580 2877 748 2944; x_wconf 82' lang='lat' dir='ltr'>institeris?</span> <span class='ocrx_word' id='word_1_147' title='bbox 782 2879 845 2943; x_wconf 78' lang='lat' dir='ltr'>Au.</span> <span class='ocrx_word' id='word_1_148' title='bbox 865 2875 959 2945; x_wconf 84' lang='lat' dir='ltr'>Geta.</span> 
     </span>
     <span class='ocr_line' id='line_1_27' title="bbox 157 2971 1126 3058; baseline 0.001 -19"><span class='ocrx_word' id='word_1_149' title='bbox 157 2971 219 3040; x_wconf 85' lang='lat' dir='ltr'>Gn.</span> <span class='ocrx_word' id='word_1_150' title='bbox 240 2971 353 3058; x_wconf 71' lang='lat' dir='ltr'>Pergit</span> <span class='ocrx_word' id='word_1_151' title='bbox 370 2971 485 3039; x_wconf 87' lang='lat' dir='ltr'>herele.</span> <span class='ocrx_word' id='word_1_152' title='bbox 521 2972 695 3055; x_wconf 75' lang='lat' dir='ltr'>nimquam</span> <span class='ocrx_word' id='word_1_153' title='bbox 713 2983 747 3036; x_wconf 87' lang='lat' dir='ltr'>tu</span> <span class='ocrx_word' id='word_1_154' title='bbox 764 2972 838 3037; x_wconf 87' lang='lat' dir='ltr'>odio</span> <span class='ocrx_word' id='word_1_155' title='bbox 856 2973 910 3038; x_wconf 78' lang='lat' dir='ltr'>tuti</span> <span class='ocrx_word' id='word_1_156' title='bbox 930 2996 981 3038; x_wconf 91' lang='lat' dir='ltr'>me</span> <span class='ocrx_word' id='word_1_157' title='bbox 1005 2973 1126 3040; x_wconf 80' lang='lat' dir='ltr'>uinces.</span> 
     </span>
     <span class='ocr_line' id='line_1_28' title="bbox 135 3066 880 3131; baseline -0.001 0"><span class='ocrx_word' id='word_1_158' title='bbox 135 3107 136 3113; x_wconf 24' lang='grc' dir='ltr'><strong>κ</strong></span> <span class='ocrx_word' id='word_1_159' title='bbox 581 3067 645 3131; x_wconf 78' lang='lat' dir='ltr'>Au.</span> <span class='ocrx_word' id='word_1_160' title='bbox 662 3066 735 3130; x_wconf 78' lang='lat' dir='ltr'>Ntn</span> <span class='ocrx_word' id='word_1_161' title='bbox 751 3066 880 3131; x_wconf 83' lang='lat' dir='ltr'>manes?</span> 
     </span>
     <span class='ocr_line' id='line_1_29' title="bbox 88 3159 1167 3248; baseline -0.009 -15"><span class='ocrx_word' id='word_1_162' title='bbox 88 3176 141 3233; x_wconf 80' lang='lat'>850</span> <span class='ocrx_word' id='word_1_163' title='bbox 158 3161 219 3229; x_wconf 82' lang='lat' dir='ltr'>Gn.</span> <span class='ocrx_word' id='word_1_164' title='bbox 241 3161 378 3248; x_wconf 69' lang='lat' dir='ltr'>vepna.</span> <span class='ocrx_word' id='word_1_165' title='bbox 404 3161 468 3227; x_wconf 79' lang='lat' dir='ltr'>As.</span> <span class='ocrx_word' id='word_1_166' title='bbox 482 3159 522 3224; x_wconf 89' lang='lat' dir='ltr'>Id</span> <span class='ocrx_word' id='word_1_167' title='bbox 535 3160 662 3244; x_wconf 90' lang='lat' dir='ltr'>quidem</span> <span class='ocrx_word' id='word_1_168' title='bbox 681 3161 738 3225; x_wconf 91' lang='lat' dir='ltr'>tlbi</span> <span class='ocrx_word' id='word_1_169' title='bbox 755 3161 819 3225; x_wconf 83' lang='lat' dir='ltr'>iam</span> <span class='ocrx_word' id='word_1_170' title='bbox 837 3161 901 3239; x_wconf 85' lang='lat' dir='ltr'>fiet,</span> <span class='ocrx_word' id='word_1_171' title='bbox 919 3162 979 3226; x_wconf 86' lang='lat' dir='ltr'>nisi</span> <span class='ocrx_word' id='word_1_172' title='bbox 996 3161 1126 3241; x_wconf 88' lang='lat' dir='ltr'>resistis,</span> <span class='ocrx_word' id='word_1_173' title='bbox 1140 3183 1167 3224; x_wconf 84' lang='grc' dir='ltr'>ιο</span> 
     </span>
     <span class='ocr_line' id='line_1_30' title="bbox 581 3255 725 3319; baseline 0 -1"><span class='ocrx_word' id='word_1_174' title='bbox 581 3255 725 3319; x_wconf 74' lang='lat' dir='ltr'>uerbere.</span> 
     </span>
     <span class='ocr_line' id='line_1_31' title="bbox 157 3347 1156 3434; baseline 0.007 -20"><span class='ocrx_word' id='word_1_175' title='bbox 157 3347 218 3415; x_wconf 82' lang='lat' dir='ltr'>Gn.</span> <span class='ocrx_word' id='word_1_176' title='bbox 239 3347 487 3413; x_wconf 73' lang='lat' dir='ltr'>Flmiliarierem</span> <span class='ocrx_word' id='word_1_177' title='bbox 509 3359 631 3434; x_wconf 87' lang='lat' dir='ltr'>oportet</span> <span class='ocrx_word' id='word_1_178' title='bbox 652 3349 722 3414; x_wconf 77' lang='lat' dir='ltr'>esse</span> <span class='ocrx_word' id='word_1_179' title='bbox 749 3349 848 3414; x_wconf 83' lang='lat' dir='ltr'>huno:</span> <span class='ocrx_word' id='word_1_180' title='bbox 875 3349 1038 3415; x_wconf 75' lang='lat' dir='ltr'>minitatur</span> <span class='ocrx_word' id='word_1_181' title='bbox 1059 3374 1127 3418; x_wconf 86' lang='lat' dir='ltr'>ma·</span> <span class='ocrx_word' id='word_1_182' title='bbox 1153 3414 1156 3421; x_wconf 90' lang='lat'>.</span> 
     </span>
     <span class='ocr_line' id='line_1_32' title="bbox 579 3434 1158 3507; baseline 0 0"><span class='ocrx_word' id='word_1_183' title='bbox 579 3443 656 3507; x_wconf 86' lang='lat' dir='ltr'>lum.</span> <span class='ocrx_word' id='word_1_184' title='bbox 1148 3434 1158 3452; x_wconf 86' lang='grc'><em>’</em></span> 
     </span>
     <span class='ocr_line' id='line_1_33' title="bbox 242 3536 1127 3624; baseline -0.001 -20"><span class='ocrx_word' id='word_1_185' title='bbox 242 3536 392 3604; x_wconf 75' lang='lat' dir='ltr'>sedisne</span> <span class='ocrx_word' id='word_1_186' title='bbox 415 3547 463 3601; x_wconf 89' lang='lat' dir='ltr'>est</span> <span class='ocrx_word' id='word_1_187' title='bbox 483 3556 578 3618; x_wconf 91' lang='lat' dir='ltr'>quem</span> <span class='ocrx_word' id='word_1_188' title='bbox 596 3557 713 3618; x_wconf 81' lang='lat' dir='ltr'>quaero</span> <span class='ocrx_word' id='word_1_189' title='bbox 734 3539 777 3601; x_wconf 67' lang='lat' dir='ltr'>in</span> <span class='ocrx_word' id='word_1_190' title='bbox 796 3537 880 3602; x_wconf 80' lang='lat' dir='ltr'>non?</span> <span class='ocrx_word' id='word_1_191' title='bbox 904 3537 1016 3624; x_wconf 87' lang='lat' dir='ltr'>ipsust.</span> <span class='ocrx_word' id='word_1_192' title='bbox 1053 3540 1127 3604; x_wconf 82' lang='lat' dir='ltr'>etin-</span> 
     </span>
     <span class='ocr_line' id='line_1_34' title="bbox 581 3629 1128 3716; baseline 0.007 -22"><span class='ocrx_word' id='word_1_193' title='bbox 581 3630 711 3716; x_wconf 87' lang='lat' dir='ltr'>gredere</span> <span class='ocrx_word' id='word_1_194' title='bbox 721 3631 871 3695; x_wconf 77' lang='lat' dir='ltr'>astutum.</span> <span class='ocrx_word' id='word_1_195' title='bbox 889 3633 953 3697; x_wconf 75' lang='lat' dir='ltr'>Au.</span> <span class='ocrx_word' id='word_1_196' title='bbox 965 3629 1052 3710; x_wconf 76' lang='lat' dir='ltr'>Quid</span> <span class='ocrx_word' id='word_1_197' title='bbox 1062 3634 1128 3698; x_wconf 83' lang='lat' dir='ltr'>est?</span> 
     </span>
     <span class='ocr_line' id='line_1_35' title="bbox 158 3723 1128 3808; baseline 0.001 -17"><span class='ocrx_word' id='word_1_198' title='bbox 158 3723 218 3791; x_wconf 85' lang='lat' dir='ltr'>Gn.</span> <span class='ocrx_word' id='word_1_199' title='bbox 242 3723 274 3790; x_wconf 97' lang='grc' dir='ltr'>Ο</span> <span class='ocrx_word' id='word_1_200' title='bbox 288 3724 438 3802; x_wconf 74' lang='lat' dir='ltr'>emnium,</span> <span class='ocrx_word' id='word_1_201' title='bbox 453 3724 636 3808; x_wconf 75' lang='lat' dir='ltr'>quantumst</span> <span class='ocrx_word' id='word_1_202' title='bbox 649 3724 704 3808; x_wconf 91' lang='lat' dir='ltr'>qni</span> <span class='ocrx_word' id='word_1_203' title='bbox 717 3724 838 3801; x_wconf 89' lang='lat' dir='ltr'>uiuont,</span> <span class='ocrx_word' id='word_1_204' title='bbox 853 3725 948 3790; x_wconf 81' lang='lat' dir='ltr'>htimo</span> <span class='ocrx_word' id='word_1_205' title='bbox 962 3725 1128 3792; x_wconf 90' lang='lat' dir='ltr'>hominum</span> 
     </span>
     <span class='ocr_line' id='line_1_36' title="bbox 580 3817 801 3883; baseline 0 -1"><span class='ocrx_word' id='word_1_206' title='bbox 580 3817 801 3883; x_wconf 82' lang='lat' dir='ltr'>ornatissumel</span> 
     </span>
     <span class='ocr_line' id='line_1_37' title="bbox 240 3894 1128 4000; baseline 0.002 -21"><span class='ocrx_word' id='word_1_207' title='bbox 240 3913 324 3979; x_wconf 65' lang='lat' dir='ltr'>Num</span> <span class='ocrx_word' id='word_1_208' title='bbox 343 3911 410 3978; x_wconf 85' lang='lat' dir='ltr'>sine</span> <span class='ocrx_word' id='word_1_209' title='bbox 428 3912 641 3977; x_wconf 70' lang='lat' dir='ltr'>controuersia</span> <span class='ocrx_word' id='word_1_210' title='bbox 659 3913 700 3976; x_wconf 85' lang='lat' dir='ltr'>ab</span> <span class='ocrx_word' id='word_1_211' title='bbox 718 3912 766 3977; x_wconf 90' lang='lat' dir='ltr'>dis</span> <span class='ocrx_word' id='word_1_212' title='bbox 788 3913 873 3978; x_wconf 76' lang='lat' dir='ltr'>stilus</span> <span class='ocrx_word' id='word_1_213' title='bbox 891 3912 1033 4000; x_wconf 88' lang='lat' dir='ltr'>diligere,</span> <span class='ocrx_word' id='word_1_214' title='bbox 1055 3894 1128 3981; x_wconf 76' lang='grc' dir='ltr'>Ᾰιι-</span> 
     </span>
     <span class='ocr_line' id='line_1_38' title="bbox 433 4005 676 4093; baseline 0.008 -23"><span class='ocrx_word' id='word_1_215' title='bbox 433 4005 435 4009; x_wconf 71' lang='grc'>’</span> <span class='ocrx_word' id='word_1_216' title='bbox 579 4005 676 4093; x_wconf 87' lang='lat' dir='ltr'>tipho.</span> 
     </span>
    </p>
   </div>
   <div class='ocr_carea' id='block_1_7' title="bbox 0 0 1306 4432">
    <p class='ocr_par' dir='ltr' id='par_1_9' title="bbox 0 0 1306 4432">
     <span class='ocr_line' id='line_1_39' title="bbox 0 0 1306 4432; baseline 0 0"><span class='ocrx_word' id='word_1_217' title='bbox 0 0 1306 4432; x_wconf 95' lang='lat' dir='ltr'> </span> 
     </span>
    </p>
   </div>
  </div>
 </body>
</html>
