2602 4432
550 226 725 286 PHORMIO

474 478 802 548 PROLOGVS.

156 614 331 699 Postquam
349 622 444 703 poeta
460 618 553 681 uetus
570 622 697 701 poetam
713 617 778 680 nen
796 625 900 701 potest

156 717 328 784 Retrehere
347 742 366 783 a
384 718 490 783 studio
508 729 540 785 et
557 719 718 784 trensdere
737 717 896 782 homiuem
914 717 947 781 in
964 717 1072 794 etium,

155 817 337 885 Maledictis
355 821 513 888 deterrere
529 842 571 885 ne
588 820 704 888 scribet
723 830 828 905 parat3

157 918 223 1001 Qui
239 921 285 986 ita
302 922 432 1000 dictitat,
451 945 530 1006 quas
548 921 681 1002 antehac
698 922 774 987 iecit
791 920 926 998 fibulas,

131 1022 261 1088 sTenui
278 1025 348 1090 esse
366 1025 505 1090 oratiene
523 1033 555 1088 et
573 1024 729 1108 scripture
745 1024 823 1089 leuiz
1160 1031 1178 1085 5

157 1122 243 1206 Quia
260 1127 416 1211 ndsquam
433 1126 580 1191 insanum
598 1125 721 1210 scripsit
739 1124 1013 1191 adulescentulum

113 1305 120 1317 ,
158 1224 296 1292 Ceruem
313 1228 422 1294 uidere
439 1228 551 1314 idgere
569 1239 601 1294 et
618 1229 733 1293 sectari
749 1249 843 1294 canes

108 1323 113 1334 ’
157 1328 199 1393 Et
217 1333 288 1395 cem
304 1333 438 1416 plorare,
456 1332 546 1396 orere
562 1338 599 1395 ut
616 1328 785 1395 subueniet
802 1327 873 1393 sibi.

158 1429 256 1513 Quod
272 1432 299 1498 si
315 1434 522 1520 intellegeret,
541 1435 639 1517 quem
657 1431 743 1498 stetit
760 1431 835 1496 olim
852 1453 947 1509 noue,

119 1551 144 1590 1⁰
157 1534 283 1600 Actdris
301 1557 397 1620 opera
414 1535 516 1621 magis
533 1535 656 1600 stetisse
674 1536 770 1618 quem
787 1555 855 1612 sua,
873 1563 879 1569 ’
1145 1543 1179 1597 10

118 1694 120 1700 .
157 1635 267 1702 Minus
283 1637 385 1702 multo
403 1637 562 1714 audacter,
580 1638 678 1720 quem
694 1657 781 1700 nuno
798 1636 903 1711 laedit,
922 1635 1071 1701 laederet.

156 1738 251 1804 Nunc
269 1739 385 1824 siquis
403 1751 460 1816 est,
479 1739 534 1823 qui
552 1739 612 1804 hoc
625 1739 714 1803 'dicat
731 1749 787 1803 aut
804 1738 850 1803 sic
868 1738 998 1824 cegitet:

157 1842 274 1907 ‘Vetus
291 1844 318 1906 si
336 1846 430 1927 poeta
446 1842 509 1905 nen
526 1840 704 1905 lacessisset
720 1841 816 1927 prlor,

156 1942 288 2007 Nullum
305 1941 447 2008 inuenire
464 1943 631 2028 prelogum
650 1944 757 2027 posset
774 1943 905 2008 noucs':

119 2062 145 2105 u
159 2043 278 2131 [Quem
297 2045 423 2121 diceret,
442 2044 502 2108 nisi
520 2043 650 2109 haberet
667 2045 719 2109 cui
736 2045 818 2110 male
836 2042 983 2131 diceretz]
1144 2059 1177 2111 15

135 2144 138 2149 ’
156 2148 190 2212 Is
208 2147 266 2210 sibi
284 2167 471 2232 responsum
488 2147 549 2210 hoc
566 2145 692 2224 hebeat,
709 2146 744 2211 in
761 2148 865 2211 medio
883 2148 1028 2212 dmnibns

156 2249 302 2313 Palmam
320 2250 388 2314 esse
406 2249 551 2334 positam,
570 2249 625 2333 qui
642 2251 742 2314 erlem
760 2259 895 2314 tractant
912 2251 1076 2314 mdsicam.

156 2351 215 2416 ille
232 2351 274 2415 ed
291 2350 408 2415 famem
426 2351 512 2415 hune
530 2374 549 2415 a
565 2351 669 2415 stddio
688 2350 809 2415 studuit
824 2351 956 2417 reicere:

156 2453 221 2517 Hic
238 2452 428 2538 respondere
446 2451 555 2530 ueluit,
573 2476 637 2517 non
655 2454 820 2518 lacessere.

117 2575 144 2642 ao
158 2554 338 2620 Benedictis
356 2554 383 2620 si
401 2556 560 2630 certasset,
579 2555 719 2619 audisset
735 2555 832 2619 bene:
1142 2570 1178 2624 20

157 2656 255 2737 Quod
271 2657 312 2720 ab
328 2657 384 2721 illo
401 2656 582 2734 adlatumst,
601 2655 665 2742 [idl
683 2657 743 2719 sibi
761 2679 829 2721 esse
847 2656 992 2721 rellatdm
1011 2667 1110 2741 putet.

157 2760 210 2824 De
226 2758 279 2823 illd
297 2759 359 2824 iam
378 2760 474 2823 finem
491 2759 606 2822 seciam
625 2757 754 2822 dicundi
771 2756 858 2833 mihi,
1226 2795 1251 2848 ‚a

157 2861 317 2925 Peccandi
335 2882 430 2944 quom
448 2861 515 2947 ipse
533 2861 572 2930 de
590 2883 623 2925 se
640 2859 736 2924 finem
754 2861 815 2923 nen
832 2859 918 2924 iacit.

158 2964 252 3028 Nunc
268 2963 346 3047 quid
362 2963 457 3028 uelim
475 2963 616 3027 animum
633 2961 797 3026 attendite:
817 2962 948 3048 adportd
964 2984 1082 3027 nouam

119 3084 146 3126 aa
159 3064 446 3151 Epidicazomenon
463 3066 559 3148 quem
577 3075 693 3129 uocant
710 3064 904 3128 comoediam
928 3065 931 3070 ’
1141 3082 1177 3138 25

159 3167 285 3245 Graeci,
303 3167 411 3231 Latini
428 3165 653 3231 Phdrmionem
671 3166 845 3243 neminant,

159 3269 244 3351 Quia
260 3272 378 3356 primas
395 3270 492 3355 partis
511 3270 566 3352 qui
583 3278 667 3354 aget,
685 3268 711 3332 is
730 3267 789 3333 erit
805 3266 956 3333 Phermio

158 3372 332 3451 Parasitus,
350 3393 520 3459 perquem
537 3371 587 3436 res
606 3382 734 3458 geretur
750 3371 909 3447 mexume,

117 3473 121 3480 ’
159 3474 315 3540 Voldntas
332 3486 440 3539 uostra
458 3474 485 3538 si
502 3473 543 3539 ed
561 3479 687 3560 poetam
706 3471 882 3538 accesserit.

118 3568 146 3636 ¹eo
159 3576 245 3642 Date
262 3579 400 3663 eperum,
419 3577 526 3642 adeste
545 3597 647 3661 aequo
663 3575 769 3640 enimc
786 3597 844 3661 per
861 3575 1029 3651 silentium,
1142 3579 1179 3651 30

159 3679 209 3744 Ne
226 3677 319 3743 simili
336 3688 463 3743 utamur
479 3679 615 3756 fortuna,
633 3688 728 3761 atque
745 3679 795 3742 usi
813 3700 922 3742 sumus

161 3779 267 3862 Quom
285 3782 341 3865 per
358 3783 528 3846 tumultum
547 3781 652 3845 nester
668 3803 746 3866 grex
765 3781 867 3844 motds
885 3781 998 3844 locostz

162 3881 267 3964 Quem
286 3883 400 3947 acteris
417 3884 518 3948 uirtus
536 3883 625 3947 ndbis
643 3881 778 3947 restituit
794 3883 897 3946 locum

162 3983 355 4068 Bonitesque
374 3995 481 4049 uostra
499 3984 643 4048 adidtans
661 3996 755 4070 atque
773 3983 1019 4069 aequeuimitas.

539 4115 763 4132 m
