2602 4432
197 231 258 299 142
578 246 784 306 uvnvcuvs
1109 248 1227 318 aas

280 368 444 454 Quidquid
462 371 622 449 factumst,
640 372 681 436 ex
698 382 730 437 te
747 393 816 437 esse
834 383 947 438 ortum.
990 371 1051 437 Pr.
1075 371 1163 452 Quid

617 465 715 552 igitur
732 465 847 530 faciem
865 465 978 530 miser?

279 554 408 638 Quidue
425 556 593 644 incipiam?
611 580 684 625 ecce
702 560 808 624 autem
825 560 920 625 uideo
937 561 1010 624 rime
1027 560 1162 625 redeun·
1175 576 1203 619 ss

619 654 684 718 tem
701 675 819 719 senem.

278 742 394 810 Dicam
406 745 480 810 huic
493 769 534 811 an
547 768 611 811 non
625 745 743 812 decom?
760 747 864 811 dicam
876 747 995 825 hercle3
1012 747 1071 813 etsi
1084 745 1162 811 mihi

617 841 770 926 magalim
786 842 905 905 malum

279 929 355 998 Soio
371 945 531 1019 paratum3
555 934 613 999 sed
631 946 801 1011 necessest,
819 934 894 1000 huic
911 945 947 1000 ut
963 933 1159 1000 subueniem.

125 1136 178 1193 970
278 1121 351 1207 Ego
368 1121 449 1188 abeo
466 1123 562 1189 intro:
580 1029 684 1190 tilieti
697 1027 896 1189 {idioma
909 1123 1028 1201 erdine,
1046 1135 1080 1188 ut
1093 1123 1160 1188 fac·

617 1219 685 1284 tdm
702 1218 770 1284 siet.

323 1403 776 1492 [DumnanuLscunsi]
836 1404 1040 1472 Panunuo

488 1512 585 1556 snuux
874 1513 987 1557 suavos

196 1589 251 1657 Sa.
277 1591 329 1656 Ex
347 1594 417 1657 mee
434 1593 611 1678 propinquo
628 1594 701 1657 nire
719 1592 779 1659 hoc
797 1593 888 1680 capio
906 1592 1076 1659 cemmodir
1158 1609 1211 1661 v,s

278 1685 391 1770 Neque
409 1687 478 1771 agri
495 1708 599 1771 neque
616 1687 704 1752 urbis
722 1686 829 1751 edium
849 1709 902 1753 me
918 1709 1070 1772 umquam
1086 1688 1159 1773 pen

616 1781 701 1867 cipit.

278 1874 343 1939 Vbi
361 1875 456 1939 setias
473 1874 578 1961 coepit
594 1875 675 1954 fieri,
693 1877 852 1940 commute
870 1876 984 1940 locum.

279 1967 345 2034 Sed
363 1979 450 2034 estne
466 1970 519 2034 ille
535 1981 643 2035 noster
655 1968 832 2034 Permeno?
849 1980 882 2034 et
898 1979 983 2033 certe
998 1969 1085 2054 ipsus
1099 1979 1157 2034 est.

124 2078 176 2133 975
277 2062 383 2144 Quem
400 2064 601 2148 praestolare,
618 2063 787 2140 Parmeno,
804 2062 856 2128 hic
873 2073 945 2127 ante
963 2062 1097 2127 estium?
1183 2082 1197 2124 a

192 2157 252 2222 ΡΑ.
275 2155 357 2239 Quis
384 2156 527 2222 homost?
557 2156 663 2234 ehem,
694 2158 816 2222 saluom
842 2168 873 2221 te
898 2155 1064 2234 aduenire,
1093 2178 1157 2234 ere,

614 2251 747 2336 gaudeo.

194 2342 247 2408 Su.
274 2342 380 2425 Quem
394 2345 604 2430 praestolare?
634 2343 694 2410 Pr.
712 2344 812 2409 Perii:
826 2343 936 2428 lingua
949 2343 1057 2409 haeret
1069 2352 1164 2409 metu.

192 2436 246 2504 Sa.
274 2437 363 2520 Quid
380 2441 427 2504 est
445 2438 530 2522 quod
548 2438 705 2524 trepidas?
722 2437 823 2502 satine
841 2437 948 2502 salue?
966 2436 1016 2502 dic
1033 2436 1119 2502 mihi.

190 2530 250 2596 ΡΑ.
272 2532 347 2607 Ere,
365 2535 501 2618 primum
520 2544 551 2598 te
569 2531 713 2597 arbitreri
729 2531 763 2595 id
780 2531 865 2615 quod
882 2553 933 2596 res
950 2532 998 2595 est
1014 2531 1125 2596 uelim:

122 2642 174 2697 980
276 2625 441 2710 Quidquid
454 2626 547 2691 huius
560 2625 720 2701 factumst,
731 2624 824 2710 cirlpa
836 2645 900 2688 non
913 2624 1061 2689 factrimst
1075 2645 1155 2688 mea.
1170 2643 1196 2684 ro

192 2717 246 2786 Su.
275 2718 382 2801 Quid?
423 2718 485 2785 ΡΑ.
508 2720 608 2786 Recte
626 2741 701 2783 sane
718 2717 933 2803 interrogasti:
951 2717 1089 2802 oportuit

274 2813 356 2879 Rem
373 2815 594 2898 praenarrasse
612 2835 672 2877 me.
708 2810 783 2876 emit
801 2809 960 2894 quendam
976 2809 1136 2874 Phaedria

273 2905 481 2984 Eundchum,
504 2929 599 2991 quem
622 2906 704 2969 dono
726 2904 800 2968 huic
822 2904 920 2968 daret.
965 2901 1019 2968 Sc.
1050 2902 1156 2985 Quoi?

611 2999 671 3063 ΡΑ.
693 2997 818 3061 Theidi.

191 3095 244 3162 Sa.
271 3094 378 3161 Emit?
395 3094 474 3180 perii
493 3092 607 3158 hercle.
642 3090 770 3175 quenti?
812 3090 873 3154 Pa.
895 3088 1017 3174 Viginti
1035 3090 1137 3156 minis.

121 3207 172 3260 985
191 3188 243 3254 sa.
271 3190 428 3254 Aotdmst.
459 3188 518 3252 Pa.
537 3186 622 3250 Tum
635 3185 795 3268 quandam
808 3183 971 3248 fidicinam
985 3194 1070 3248 amat
1083 3184 1156 3250 hinc
1169 3203 1197 3246 ro

612 3277 765 3345 Chaerea.

190 3373 245 3442 Sa.
273 3377 371 3452 Hem,
390 3374 486 3458 quid?
504 3375 609 3439 amat?
627 3397 669 3438 an
685 3373 745 3438 scit
763 3371 826 3435 iam
843 3369 896 3435 ille
914 3369 990 3454 quid
1007 3373 1156 3436 meretrix

611 3467 687 3532 siet?

274 3563 327 3626 An
345 3551 378 3626 in
395 3565 466 3627 estu
484 3562 591 3628 uenit?
609 3560 697 3626 eliud
715 3582 755 3625 ex
773 3556 834 3622 alie
853 3555 986 3621 malum!

188 3658 248 3721 ΡΑ.
270 3654 346 3731 Ere,
363 3657 403 3720 ne
421 3680 472 3721 me
490 3667 627 3742 spectes:
645 3679 697 3721 me
714 3651 875 3738 inpulsore
892 3649 971 3715 haec
988 3649 1052 3714 nen
1070 3650 1156 3717 facit.

190 3751 244 3817 Su.
275 3747 398 3814 Omitte
416 3751 456 3816 de
475 3764 506 3815 te
524 3751 638 3815 dicere.
674 3770 735 3835 ego
753 3744 951 3822 te,fi1rcifer,

120 3863 171 3916 990
274 3843 310 3910 Si
332 3845 434 3908 uiuo.
454 3893 462 3909 .
482 3844 490 3909 i
515 3844 571 3909 sed
588 3844 683 3953 istuc,
702 3838 855 3926 quidquid
873 3849 930 3915 est,
948 3837 1084 3923 primum
1102 3840 1159 3903 ex·
1172 3859 1199 3900 ao

169 4032 234 4098 Pa.
258 4033 296 4101 Is
306 4057 370 4125 pro
383 4034 440 4103 isso
456 4033 604 4104 eunucho
611 3937 826 4102 Iititd'lihe'idem
836 4025 919 4092 hauc
932 4025 1086 4091 deductus
1100 4037 1158 4094 est
