2602 4432
103 240 226 313 turs
570 238 720 295 aunam
1083 221 1123 288 41

114 380 144 424 ss
242 364 407 429 Ausculta.
444 359 504 426 Cn.
532 360 654 426 Audiui
679 361 743 426 iam
766 359 880 427 omnia.
915 360 981 426 Ds.
1009 361 1064 425 An
1089 370 1125 424 tu

583 455 662 520 haec
679 454 804 520 omnia?

158 549 220 617 Cn.
244 551 376 629 Audiui,
397 551 538 635 inquam,
560 572 578 614 a
599 548 763 635 principio.
798 548 862 614 Da.
886 547 1047 625 Audistin‚
1070 547 1127 611 db·
1144 553 1195 609 ‘185

581 643 689 708 secto?
711 665 762 707 em

243 738 385 806 Scelere-2
399 737 482 802 hanc
495 737 559 802 iam
568 739 732 822 oportetin
741 736 915 802 cruciatum
928 736 1003 801 hinc
1015 735 1126 821 abripi.

244 832 308 897 Hic
325 844 374 897 est
390 831 457 896 ille:
480 852 544 895 non
563 840 594 896 te
612 830 721 895 credas
739 829 868 894 Dauom
884 830 1003 895 ludere.

157 926 228 991 Mu.
245 925 304 991 Me
321 923 484 991 miserami
506 923 552 990 nil
569 924 622 1009 pol
640 922 713 988 falsi
730 923 806 1000 dixi,
824 926 869 987 mi
885 946 991 989 senex.

115 1038 144 1081 co
157 1018 218 1086 Cn.
241 1019 328 1084 Noui
350 1020 478 1084 dmnem
499 1039 576 1082 rem.
599 1027 645 1082 est
661 1016 750 1082 Simo
771 1017 876 1081 intus?
910 1015 975 1082 DA.
998 1015 1068 1082 Est.
1086 1053 1128 1065 -

581 1111 651 1175 Mu.
673 1110 724 1176 Ne
741 1133 792 1176 me
809 1110 937 1195 attigas,

243 1206 394 1274 Scelesta
420 1205 448 1270 si
464 1206 517 1290 pol
536 1202 687 1290 Glycerio
705 1226 769 1269 non
788 1204 894 1269 dmnia
911 1204 990 1270 haec
1009 1253 1017 1269 .
1040 1253 1047 1270 .
1069 1254 1077 1270 .
1147 1219 1198 1276 790

157 1302 223 1367 Ds.
246 1299 318 1366 Eho
345 1299 468 1384 indpta‚
499 1298 602 1374 nescis
630 1298 707 1381 quid
734 1297 774 1363 sit
801 1299 927 1363 actum?
966 1298 1034 1363 Mu.
1063 1297 1129 1380 Qui

582 1392 699 1457 sciam?

157 1489 222 1555 Ds.
245 1488 310 1552 Hic
328 1489 418 1552 sdcer
436 1497 494 1551 est.
517 1486 579 1550 alio
597 1488 690 1571 pdcto
708 1485 795 1551 haud
811 1498 935 1570 poterat
953 1486 1033 1564 fieri,

246 1584 291 1650 Vt
313 1583 406 1648 sciret
428 1580 507 1645 haec
525 1601 607 1662 quae
629 1580 786 1644 uolumus.
821 1580 890 1645 Mn.
920 1580 1017 1659 Hem,
1039 1602 1129 1666 prac-

582 1673 712 1739 diceres.

118 1789 145 1832 cs
158 1771 222 1835 Ds.
247 1769 387 1835 Paulum
406 1768 558 1833 interesse
577 1769 697 1842 odnses,
717 1788 757 1831 ex
775 1766 880 1830 animo
899 1768 1014 1845 omnia,

247 1864 293 1929 Vt
310 1862 372 1927 fort
389 1872 513 1939 natura,
532 1861 632 1926 facias
650 1884 691 1926 an
709 1860 749 1926 de
766 1860 940 1926 industria?
1148 1870 1199 1926 785

393 2047 528 2115 Caino
571 2047 712 2113 Musis
754 2048 900 2114 stos

409 2156 505 2200 snunx
569 2155 700 2200 suemus
771 2155 882 2200 snavos

104 2238 221 2308 man.
245 2239 285 2303 In
302 2237 363 2302 hae
380 2237 542 2301 habitasse
560 2235 666 2321 platea
684 2235 834 2301 dictumst
852 2233 1053 2322 Chrysidem,

245 2332 338 2413 Quae
356 2332 425 2397 sese
442 2330 608 2395 inhoneste
626 2329 748 2415 optduit
766 2352 878 2415 parere
898 2330 951 2396 hic
968 2331 1060 2396 ditias

244 2426 358 2490 Potius
381 2446 478 2509 quam
505 2424 536 2488 in
559 2422 664 2509 patria
686 2422 817 2488 honeste
844 2446 966 2511 pauper
991 2427 1128 2492 uiueret:

244 2519 324 2584 Eius
341 2520 443 2583 mdrte
460 2541 499 2583 ea
516 2517 557 2582 ad
575 2540 626 2583 me
643 2515 715 2604 lege
732 2518 893 2583 redierint
912 2518 1005 2584 bona.

132 2637 147 2680 s
246 2616 312 2682 Sed
327 2616 408 2701 quos
426 2626 593 2700 perconter
606 2614 714 2679 uideo:
733 2615 862 2680 saluete.
889 2615 958 2681 Mu.
974 2595 1129 2696 Obsecro,
1147 2623 1199 2680 800

248 2713 354 2794 Quem
373 2712 488 2778 uideo?
510 2722 598 2777 estne
612 2710 664 2775 hio
679 2709 768 2777 Crito
786 2712 932 2778 sobrinus
947 2712 1131 2801 Chrysidis?

245 2809 279 2872 Is
292 2809 350 2872 est.
373 2804 431 2872 Ca.
448 2803 480 2871 O
494 2804 609 2890 Mysis,
626 2804 729 2871 sdluei
748 2805 816 2870 Mn.
833 2805 948 2872 Saluos
962 2810 1014 2884 sis,
1031 2807 1128 2877 Crito.

159 2901 219 2969 Cn.
242 2902 316 2966 Itan
332 2900 484 2986 Chrysis?
505 2899 588 2964 hem.
611 2899 679 2963 Mn.
699 2900 766 2964 Nos
785 2900 913 2983 quidem
928 2902 980 2987 pol
998 2903 1130 2969 miseras

585 2993 733 3078 perdidit.

161 3089 220 3157 Ca
244 3088 332 3171 Quid
359 3088 436 3153 uos?
471 3109 534 3172 quo
562 3097 656 3173 pacto
683 3087 753 3153 hic?
792 3088 892 3154 sdtine
919 3091 1022 3155 recto?
1060 3091 1129 3158 Mu.

586 3180 713 3246 Nosne?
735 3181 794 3245 sic:

121 3299 147 3339 ιο
245 3277 291 3342 Vt
308 3278 446 3360 quimus,
470 3274 570 3352 aiunt,
593 3275 721 3359 qudndo
739 3286 775 3340 ut
797 3276 944 3341 uolumus
964 3279 1128 3346 nonlicet.
1147 3286 1199 3341 805

161 3369 220 3437 Ca.
244 3369 333 3452 Quid
348 3369 553 3456 Glycerium?
574 3367 638 3433 iam
655 3367 707 3433 hic
724 3371 799 3434 suds
816 3370 955 3456 parentis
975 3374 1130 3459 repperit?

159 3467 229 3531 Mn.
249 3464 394 3532 vtinamt
423 3463 481 3530 Os..
499 3445 555 3529 dn
572 3486 636 3528 non
649 3462 725 3528 dum
738 3464 852 3530 etiam?
869 3465 954 3530 haud
968 3468 1129 3555 auspicato

585 3556 649 3622 huc
666 3580 717 3623 me
734 3558 841 3636 attuli3

244 3652 329 3718 Nam
347 3652 412 3738 pol,
431 3651 459 3718 si
476 3651 510 3717 id
528 3651 668 3728 scissem,
686 3653 859 3738 numquam
879 3653 941 3719 huc
955 3656 1129 3723 tetulissem

583 3745 710 3831 pedem.

247 3838 382 3924 Sempdr
408 3840 491 3905 enim
522 3839 636 3904 dictast
667 3841 736 3906 csse
767 3840 846 3907 haec
871 3851 967 3926 atque
992 3842 1130 3909 habitdst

586 3954 688 4011 soror3

122 4045 149 4088 0
248 4026 341 4110 Quae
359 4027 443 4093 illius
466 4026 604 4106 fuerunt,
627 4027 780 4112 pdssidet:
803 4049 888 4095 nunc
905 4050 958 4095 me
974 4028 1129 4118 hospitem
1146 4039 1198 4096 810
1281 4102 1286 4113 .
