2550 4432
182 215 244 284 120
563 231 768 292 uvuveuvs
1125 233 1217 305 naa

179 354 239 419 ΡΑ.
261 354 365 423 Video
383 357 415 420 et
432 378 482 421 me
501 356 616 422 taedet.
650 356 785 434 ubiuis,
803 357 887 422 dona
904 357 1019 422 aderint
1038 356 1098 421 tibi

111 455 163 509 465
264 450 297 512 Α
314 448 483 514 Phaedria.
519 451 600 515 Tua.
620 448 708 532 Quid
726 451 865 516 stamus?
891 473 971 534 quor
987 473 1051 515 non
1068 453 1159 515 imus

604 544 697 609 hinc?

178 638 238 700 ΡΑ.
262 635 391 718 Quaeso
410 637 514 704 hercle
532 648 568 703 ut
584 638 689 716 liceat,
706 642 786 725 pace
804 639 890 724 quod
906 639 962 703 fiat
979 649 1045 716 tua,

263 731 352 796 Dare
370 731 443 797 huic
461 753 543 816 quae
561 732 720 811 uolumus,
740 732 908 798 conuenire
926 742 958 797 et
975 732 1139 816 conloqui.

179 825 258 891 Tua.
268 825 465 912 Perpdlchra
482 827 576 893 credo
594 828 678 891 dona
695 838 752 892 aut
768 827 867 892 nostri
885 827 1008 892 similia.
1171 843 1200 887 rs

179 919 239 984 ΡΑ.
261 920 326 985 Res
343 920 504 988 indicabit.
539 920 618 986 heus
635 921 743 987 iubete
759 922 837 986 istos
855 921 940 986 foras

110 1016 162 1071 470
264 1013 372 1092 Exire,
391 1035 471 1098 quos
488 1015 577 1092 iussi,
596 1014 693 1080 ocius.
729 1016 865 1100 procede
883 1024 917 1079 tu
935 1015 1012 1079 huc:

263 1107 315 1172 Ex
334 1108 536 1195 Aethiopiast
552 1109 655 1194 risque
672 1108 761 1176 haec.
805 1109 885 1173 Tua.
913 1108 977 1174 Hic
995 1118 1068 1172 sunt
1085 1109 1155 1173 tres

603 1225 717 1268 minae.

37 1313 41 1319 ·
180 1294 242 1360 Gr.
266 1296 341 1363 vix.
376 1295 435 1360 ΡΑ.
455 1277 520 1362 Vbi
538 1307 573 1361 tu
591 1319 634 1374 es,
653 1296 760 1361 Dore?
787 1297 902 1361 accede
919 1296 992 1362 huc.
1024 1319 1075 1361 em
1093 1318 1155 1362 eu·

603 1390 743 1456 nuchirm
761 1391 829 1467 tibi,

264 1482 371 1565 Quam
388 1483 510 1550 liberali
527 1484 619 1561 facie,
638 1505 735 1568 quam
752 1481 855 1551 aetate
872 1483 1011 1568 integra!
1168 1502 1196 1545 so

178 1577 238 1642 Tu.
261 1578 312 1642 Ita
332 1580 384 1642 me
413 1577 445 1642 di
471 1589 590 1656 ament,
617 1577 791 1643 honestust.
835 1577 895 1642 Pe.
923 1575 1011 1659 Quid
1033 1587 1068 1642 tu
1090 1569 1152 1656 ais,

604 1670 753 1738 Gnatho?

110 1769 161 1822 475
263 1765 351 1830 Num
365 1766 441 1850 quid
455 1765 554 1831 habes
573 1766 658 1924 quTold
672 1766 874 1907 contemnas?
891 1765 969 1850 quid
982 1778 1017 1831 tu
1031 1766 1152 1843 aute'm,

656 1881 740 1924 raso.

264 1953 399 2017 Tacent:
419 1952 494 2017 satis
512 1953 651 2018 laudant.
686 1953 737 2017 fac
753 1952 908 2038 periclum
924 1952 957 2017 in
975 1951 1096 2029 litteris,

262 2046 330 2112 Fac
345 2048 379 2110 in
396 2046 563 2132 palaestra,
581 2046 614 2110 in
632 2046 774 2110 mimicis:
797 2067 879 2130 quae
897 2046 1032 2111 liberum
1056 2044 1059 2048 ’

134 2164 158 2329 s
266 2139 355 2205 Scire
373 2141 538 2225 aequomst
555 2140 800 2218 adulescentem,
819 2140 976 2205 sollertem
995 2140 1087 2204 dabo.
1165 2161 1194 2201 25

179 2233 258 2299 Tua.
269 2233 342 2318 Ego
358 2235 447 2297 illum
461 2232 651 2311 eunuchum,
670 2236 698 2297 si
714 2254 794 2319 opus
813 2234 862 2311 sit,
881 2234 933 2298 uel
952 2234 1099 2299 sobrius.
1119 2232 1148 2299 ,Ι

110 2339 163 2394 480
179 2325 239 2390 ΡΑ.
262 2330 371 2410 Atque
388 2326 467 2391 haec
484 2326 538 2411 qui
555 2327 650 2404 misit,
669 2327 731 2390 non
749 2327 808 2391 sibi
827 2326 886 2393 soli
903 2328 1042 2412 postulat

264 2422 312 2486 Te
329 2423 439 2487 uiuere
457 2432 488 2486 et
507 2443 565 2486 sua
582 2423 677 2486 carisa
695 2420 821 2486 excludi
838 2424 969 2499 ceteros,

263 2515 377 2597 Neque
393 2516 518 2601 pugnas
535 2527 641 2578 narrat
660 2517 762 2598 neque
780 2514 941 2578 cicatrices
960 2537 1033 2579 suas

264 2606 414 2673 Ostentat
430 2630 533 2692 neque
551 2608 608 2672 tibi
627 2606 741 2685 obstat,
759 2608 845 2692 quod
863 2607 992 2691 quidam
1010 2609 1099 2686 facit3
1140 2691 1142 2695 y
1161 2629 1191 2672 co

264 2704 386 2768 Verum
402 2701 459 2766 ubi
476 2703 643 2766 molestum
660 2703 725 2765 ndu
743 2701 811 2779 erit,
829 2701 886 2765 ubi
903 2702 938 2765 tu
955 2704 1053 2779 uoles,

111 2818 163 2872 485
263 2795 330 2863 Vbi
347 2797 472 2881 tempus
490 2794 547 2859 tibi
565 2795 633 2871 erit,
653 2797 703 2859 sat
718 2795 825 2872 habet,
844 2795 872 2859 si
889 2804 957 2860 tum
974 2796 1132 2882 recipitur.

180 2891 259 2954 Tua.
272 2890 415 2976 Adparet
434 2911 559 2953 seruom
577 2889 661 2952 hunc
679 2889 748 2953 esse
766 2888 885 2952 domini
903 2890 1050 2975 padperis

264 2984 448 3066 Miserique.
477 2980 540 3048 Gr.
554 2982 640 3046 Nam
653 2981 759 3047 hercle
771 2985 865 3046 nemo
878 2995 994 3069 posset,
1010 2987 1058 3047 sat
1071 2985 1146 3063 scio,

266 3078 332 3160 Qui
349 3078 479 3142 haberet
495 3078 550 3162 qui
567 3079 692 3162 pararet
710 3076 817 3152 alium,
836 3077 921 3142 hunc
938 3078 1070 3163 perpeti.
1161 3099 1189 3140 aa

180 3175 239 3238 Pa,
262 3174 348 3238 Tace
379 3173 427 3250 tir,
459 3193 554 3256 quem
581 3193 640 3257 ego
673 3192 742 3236 esse
767 3170 851 3234 infra
881 3171 1021 3236 infumos
1047 3176 1148 3238 omnis

603 3274 681 3350 puto

111 3375 162 3429 490
264 3359 433 3437 Homines3
465 3382 539 3424 uam
565 3359 619 3443 qui
645 3357 804 3423 adsentari
834 3358 916 3423 huic
935 3359 1074 3424 animum
1099 3360 1149 3425 in·

604 3453 741 3530 dr'ureris9

264 3549 293 3611 Ε
310 3548 438 3611 flamma
454 3557 561 3632 petere
579 3549 610 3612 te
628 3547 735 3612 cibum
752 3569 845 3633 posse
862 3546 1007 3613 arbitror.

179 3644 258 3706 Tua.
270 3642 379 3706 Iamne
395 3640 498 3705 imus?
524 3640 584 3707 Tu.
598 3641 668 3704 Hos
686 3640 774 3726 prius
786 3643 869 3706 intro
884 3641 998 3706 ducam
1017 3651 1049 3706 et
1065 3645 1147 3726 quae

602 3734 676 3797 uolo

265 3827 367 3894 Simul
383 3827 558 3912 imperabo:
576 3827 649 3912 post
665 3826 728 3891 huc
746 3828 894 3892 continuo
912 3831 1001 3894 exeo.
1159 3849 1186 3889 ro

179 3921 342 4009 Tua.Ego
364 3919 437 3986 hinc
463 3921 558 3986 abeo:
585 3934 620 3985 tu
642 3919 743 3985 istanc
768 3922 920 4008 dpperire.
965 3922 1024 3989 ΡΑ.
1048 3922 1147 3988 Haud

602 4014 749 4082 conuenit

124 4130 273 4168 Α.
