2602 4432
178 209 240 284 188
575 229 751 290 8888888
1057 235 1093 306 v,
1106 236 1132 291 8.
1145 230 1208 293 aa

260 333 450 442 intellegere
476 366 566 421 extra
591 355 721 432 8881888,
747 354 833 422 intus
860 378 943 442 quae
968 359 1052 425 inter
1078 381 1152 425 8888

599 449 661 534 ipsi
678 449 819 536 agerint?

176 540 239 607 Au.
261 521 371 625 sitque
388 565 449 629 ego
467 565 594 627 quoque
614 543 757 608 1888181181
778 545 865 609 illam
886 544 1039 611 fabulam.
1085 544 1150 612 Ga.

598 636 702 702 Immo
721 637 815 702 881888
834 637 918 703 dabo
1014 712 1017 719 ,

262 725 335 810 Qud
364 729 467 814 magis
502 729 626 795 eredas:
662 733 792 816 patruos
822 730 945 798 interea
977 733 1053 800 inda
1084 733 1151 800 huo

598 824 758 909 egreditur
774 825 874 891 forasz
1110 894 1113 903 ,

260 917 360 982 Haud
375 917 476 983 multo
494 928 566 1004 post
583 920 656 984 oum
673 930 763 1004 patre
780 920 864 986 idem
881 920 993 1006 resipit
1010 943 1045 987 se
1062 920 1150 987 intro

599 1011 718 1077 denuo:

106 1110 159 1168 880
260 1085 317 1171 dit
334 1115 468 1189 uterque
485 1106 544 1170 ubi
560 1117 749 1192 potestatem
766 1107 834 1173 8188
848 1107 1048 1174 adhibenda&
1066 1109 1148 1175 dari.
1161 1129 1191 1170 88

260 1198 408 1284 Denique
426 1222 486 1286 ego
504 1203 575 1266 sum
592 1203 718 1279 missus,
737 1212 768 1268 te
785 1213 822 1268 ut
838 1205 1031 1286 requirerem
1049 1214 1149 1288 atque

598 1293 798 1361 adducerem.

174 1387 237 1453 Au.
260 1386 348 1468 Quin
375 1409 451 1474 ergo
477 1410 553 1473 rape
579 1391 644 1454 md:
671 1390 748 1473 quid
770 1391 894 1456 8888881
930 1388 993 1460 Ga.
1015 1391 1146 1457 Fecero.

597 1484 659 1550 Au.
679 1482 711 1549 O
729 1485 772 1549 mi
790 1484 953 1561 Phdrmio,

259 1575 350 1642 Vale.
372 1576 433 1641 Pa.
447 1577 539 1655 Vale,
557 1577 711 1664 Antipho.
740 1579 829 1656 bene,
846 1579 892 1644 ita
908 1602 960 1645 me
978 1579 1010 1644 di
1028 1591 1148 1659 ament,

596 1673 731 1738 fautum:
757 1673 892 1761 gaudeo.

556 1860 755 1927 Pnouuro

573 1968 739 2012 88888888
1061 2031 1082 2040 „,

257 2048 394 2114 Tantam
412 2048 573 2113 fortunam
591 2048 631 2114 de
647 2049 809 2134 inprouiso
827 2071 896 2115 8888
914 2048 963 2114 1818
982 2048 1104 2115 datami
1155 2068 1200 2119 vu

102 2144 155 2204 888
258 2141 393 2207 Summa
410 2142 558 2208 eludendi
575 2143 730 2207 occasiost
748 2143 824 2207 mihi
841 2144 926 2208 nimo
944 2165 1036 2208 88888

256 2237 301 2302 118
317 2235 496 2302 Phaedriae
514 2258 624 2301 euram
641 2236 781 2302 adimere
800 2237 1023 2323 argentririam,

255 2332 305 2397 Ne
324 2332 495 2415 quoiquam
513 2352 643 2395 suorum
661 2330 844 2414 aequalium
861 2330 996 2417 supplex
1013 2329 1082 2396 8188.

254 2424 339 2491 Nam
368 2424 453 2489 idem
480 2424 541 2490 hdo
567 2434 750 2509 argeutum,
778 2425 823 2489 ita
848 2425 884 2490 irt
910 2424 1064 2502 datumst,
1094 2424 1146 2490 in·
1171 2442 1187 2486 8

596 2517 706 2604 gratiis

253 2612 296 2678 Ei
313 2613 423 2677 datum
440 2611 513 2677 88188
531 2611 592 2677 1888
609 2612 665 2695 qui
682 2612 804 2697 cogam,
822 2634 858 2678 re
874 2613 944 2698 ipsa
960 2611 1098 2697 repperi.

99 2711 152 2768 880
253 2706 348 2773 Nune
365 2708 475 2792 gastus
492 2705 569 2769 mihi
586 2704 754 2790 uoltusque
772 2716 819 2771 est
834 2705 1009 2791 capiundis
1028 2726 1142 2774 nouos.

253 2799 319 2866 Sed
327 2798 401 2865 hino
410 2799 582 2864 concedam
594 2799 628 2862 in
641 2800 844 2886 angiportum
857 2801 918 2864 1888
931 2798 1138 2884 prdxumum,

252 2894 332 2960 Inde
349 2894 435 2959 hisce
452 2892 618 2959 ostendam
634 2915 696 2970 me,
714 2893 770 2958 ubi
788 2905 878 2958 erunt
897 2895 1016 2978 egressi
1034 2892 1133 2959 foras.

253 2988 327 3071 Quo
350 3010 401 3054 me
421 2986 646 3053 adsimularam
667 2987 713 3053 188
734 2986 777 3051 ad
795 2986 983 3065 mereatum
1004 2987 1065 3051 888
1091 3011 1141 3054 88.
1157 3008 1185 3049 ro

295 3175 494 3241 Duurruo
556 3172 756 3239 Ouuuuus
815 3173 1012 3240 Pnouuro
1131 3229 1133 3233 .

341 3282 434 3327 888888
636 3282 661 3323 11
828 3279 991 3323 8888888888

166 3365 230 3430 Du.
253 3363 315 3430 Dis
332 3365 465 3450 mignas
481 3361 594 3428 merito
610 3361 729 3447 gratias
746 3360 849 3425 habeo
866 3362 963 3445 itque
980 3383 1053 3446 ago,
1151 3383 1199 3434 va

98 3468 151 3525 895
253 3458 391 3539 Quando
408 3460 544 3522 euenere
561 3455 640 3521 haee
656 3454 757 3531 uobis,
775 3453 883 3529 frater,
900 3455 1060 3541 prdspere.

168 3551 229 3619 ca.
251 3552 353 3617 8888
369 3554 414 3616 aa
432 3553 479 3615 ua·
496 3549 561 3614 uxi
579 3547 737 3614 888888
767 3546 830 3610 88.
851 3526 991 3633 Oppido.
1150 3567 1197 3623 (12)

253 3646 417 3729 Quantum
435 3655 549 3730 potest,
566 3665 653 3707 nuno
669 3641 922 3706 ednueniundust
939 3641 1101 3722 Phdrmio,

251 3740 348 3806 Prius
366 3740 461 3823 quam
481 3736 634 3823 dilapidat
649 3737 771 3800 nostras
789 3733 919 3818 triginta
936 3734 1037 3799 minas

252 3837 297 3902 Vt
314 3833 505 3898 adferamus.
540 3830 602 3896 Pu.
620 3827 856 3913 Demiphonem
875 3829 902 3891 81
920 3827 1038 3893 domist
1170 3851 1186 3894 8

98 3935 150 3992 900
252 3929 375 4006 Visam,
401 3927 436 3993 ut
458 3925 544 4011 quod
567 3971 575 3989 .
599 3971 608 3987 .
631 3922 694 3986 Du.
720 3923 765 3986 At
792 3941 851 3985 888
876 3921 918 3987 ad
943 3933 976 3987 te
1002 3921 1142 4005 ibamus,

593 4015 753 4086 Phormio.
