2602 4432
101 244 168 324 V,4
532 242 739 307 EVNVOHVS
1058 229 1120 297 141

239 372 332 456 Quae
360 371 468 438 futura
498 370 643 457 exempla
674 368 784 436 dieunt
812 367 847 435 iu
877 389 951 434 eum
980 367 1121 455 indigua.

576 466 637 530 ΡΑ.
657 461 688 530 Ο
708 463 861 550 Idppiter,

115 580 142 623 25
240 561 334 645 Quae
352 561 443 627 illaec
460 558 602 626 turbant?
622 560 699 624 ndm
717 579 793 623 uam
815 579 876 642 ego
897 557 995 643 perii?
1017 557 1120 622 adibo.

576 653 654 738 quid
670 653 763 730 intua,
782 649 935 737 Pythias?

239 748 326 831 Quid
343 749 408 814 ata?
430 748 465 813 iu
486 769 582 832 quem
604 745 751 832 exdmpla
771 745 866 810 fient?
899 746 959 810 ΡΥ.
977 745 1121 830 Rdgitas‚

576 840 813 906 audacissume?

236 934 407 1002 Perdidisti
424 935 520 1001 iatum
536 956 632 1019 quem
653 931 786 999 adduxti
806 954 864 1019 pro
881 932 1026 998 eunucho
1044 932 1123 997 adu-

576 1026 797 1102 lesedntulum,

214 1123 326 1189 ›de
353 1124 461 1190 studes
483 1124 558 1189 dare
580 1122 680 1188 uerba
705 1121 807 1186 nobis.
851 1120 911 1185 Pa.
947 1119 1035 1202 Quid
1060 1120 1192 1186 itatem

577 1227 633 1282 aut
650 1215 727 1300 quid
744 1215 913 1280 faetdmst?
935 1214 1024 1280 cedo.

153 1311 213 1378 ΡΥ.
239 1312 368 1378 Dicam:
391 1310 547 1397 uirginem
569 1311 673 1386 istam,
696 1308 813 1374 Thatdi
829 1308 922 1374 hddie
940 1330 1021 1393 quae
1038 1308 1122 1373 dond

578 1403 691 1480 datast,

115 1517 142 1558 ³⁰
239 1498 311 1566 Suis
332 1521 403 1566 eam
425 1498 498 1564 hinc
521 1497 625 1563 ciuem
646 1497 735 1562 dese?
760 1507 792 1563 et
813 1496 943 1561 fratrem
965 1494 1033 1561 eiua
1054 1498 1123 1560 esse

577 1590 721 1678 adprIme
737 1591 894 1656 ndbilem?

154 1685 214 1752 Pa,
235 1687 360 1754 Nescio.
383 1687 443 1752 ΡΥ.
456 1685 558 1770 Atqui
575 1688 620 1752 aie
636 1684 810 1752 inuentaat:
828 1688 899 1750 eam
916 1684 987 1750 istie
998 1683 1124 1749 uitiauit

577 1803 681 1845 muer.

238 1855 298 1940 dle
315 1875 371 1940 ubi
391 1876 426 1940 id
445 1874 573 1940 reseiuit
594 1873 715 1940 fautum
736 1873 834 1939 frater
856 1873 1123 1951 uiolentissumus‚

154 1969 214 2034 ΡΑ.
238 1968 324 2050 Quid
353 1992 428 2034 nam
454 1968 549 2034 feeit?
591 1968 651 2032 ΡΥ.
682 1966 853 2053 ednligauit
882 1968 1020 2053 primum
1050 1991 1123 2034 eum
1140 1981 1192 2038 955

577 2061 699 2127 miserta
717 2060 829 2126 modis.

154 2156 214 2222 Pa.
237 2155 440 2244 Cduligauit?
490 2155 549 2222 ΡΥ.
577 2139 620 2222 Et
646 2155 775 2240 quidem
802 2166 927 2234 orante,
957 2156 994 2220 ut
1024 2179 1064 2221 ne
1091 2155 1124 2219 id

577 2251 707 2327 faceret,
725 2249 858 2316 Thaide.

116 2362 143 2403 aa
155 2344 214 2409 Pa.
236 2343 324 2426 Quid
342 2345 407 2409 ata?
441 2342 500 2408 ΡΥ.
519 2344 614 2410 Nune
631 2344 769 2408 minatur
789 2366 883 2430 porro
902 2346 971 2410 adse
987 2343 1021 2408 id
1038 2343 1124 2428 quod

578 2437 717 2504 moechis
735 2437 829 2504 solet:

241 2532 336 2614 Qudd
353 2554 413 2618 ego
430 2553 606 2617 numquam
622 2533 689 2597 uidi
706 2532 775 2598 fieri
792 2534 896 2618 neque
913 2531 1020 2599 uelim.
1063 2531 1122 2596 Pu.
1247 2547 1251 2558 '

579 2623 655 2707 Qua
671 2625 804 2691 audacia

239 2720 379 2785 Tantum
413 2719 536 2786 faeiuua
576 2719 689 2786 addet?
740 2720 800 2785 ΡΥ.
836 2719 924 2801 Quid
961 2719 1007 2784 ita
1040 2722 1124 2785 ‘un-

577 2814 678 2879 tum’?
704 2815 764 2880 Pa,
785 2816 838 2879 An
855 2838 919 2880 non
936 2815 997 2880 hoa
1012 2816 1124 2879 maxu-

577 2909 714 2974 mumst?

240 3000 321 3084 Quis
343 3002 437 3067 homo
461 3023 519 3088 pro
540 3002 672 3068 moeeho
697 3002 849 3087 quuam
870 3002 951 3068 uidit
974 3004 1008 3067 iu
1030 3002 1124 3067 domo
1141 3018 1193 3073 960

577 3096 754 3162 meretricia

239 3190 358 3255 Prendi
376 3191 587 3276 quemquam?
617 3192 676 3256 ΡΥ.
694 3190 820 3257 Nescio.
864 3192 924 3257 ΡΑ.
944 3192 989 3256 At
1005 3213 1046 3256 ne
1063 3191 1124 3256 hoe

576 3283 734 3361 nesciatis,
751 3283 898 3370 Pythias:

116 3398 143 3439 ιο
239 3377 332 3456 Dico,
347 3379 436 3445 edico
449 3379 539 3444 udbia
551 3392 694 3446 nostrum
709 3403 778 3446 esse
790 3381 880 3446 sslum
890 3382 997 3447 erilem
1012 3381 1123 3446 filium.

577 3474 638 3540 ΡΥ.
655 3476 753 3552 Hem,

241 3546 395 3646 Obsecro,
413 3592 453 3635 an
470 3567 498 3634 ia
516 3571 583 3635 eat?
613 3568 674 3636 ΡΑ.
692 3569 743 3634 Ne
760 3592 855 3654 quam
872 3570 905 3635 in
922 3565 1012 3635 illum
1025 3570 1124 3635 Thus

577 3664 645 3729 uim
661 3664 729 3728 fieri
747 3663 842 3729 sinat!

240 3738 349 3840 Atque
376 3757 456 3823 adeo
483 3767 590 3825 autem
612 3760 691 3842 qudr
715 3780 780 3824 non
806 3769 932 3843 egomet
957 3761 1039 3824 intro
1065 3768 1122 3831 eo?

577 3852 636 3918 ΡΥ.
655 3853 752 3929 Vide,
769 3853 940 3932 Parmen0,

242 3944 331 4028 Quid
348 3970 435 4033 agas,
453 3970 494 4012 ne
510 3970 614 4032 neque
630 3947 676 4012 illi
693 3948 794 4033 prosis
809 3949 841 4012 et
853 3961 888 4012 tu
906 3972 1034 4034 peream
1048 3972 1126 4013 uam
1140 3958 1194 4011 dtu

450 4092 453 4096 -
581 4042 644 4110 hta
659 4052 791 4132 putaut,
