2602 4432
22 761 24 765 ·
101 743 207 799 romani
216 745 413 815 adaequarent,
424 743 553 799 subtilem
562 761 633 798 com-

556 222 727 268 rmnrsrrc
833 232 845 256 ·
1146 210 1187 265 lx

101 349 131 389 re
151 337 195 389 tas
228 332 334 390 variato
366 334 484 390 elamore
513 335 540 389 ei
567 334 635 389 vitio
652 331 1185 389 Eunuchuscontaminationeconfectse
1227 391 1229 395 ,

102 402 139 457 da
159 406 215 457 ant.
233 403 270 457 ab
278 400 528 458 initioenimlatini
535 409 635 474 poetae
653 406 724 456 sunt.
747 402 846 457 deinde
857 417 923 457 vero
931 401 1021 457 critici
1028 401 1102 456 illius
1111 406 1186 456 aeta·

100 471 166 526 inde
177 487 196 524 a
205 465 287 525 Livio
298 471 466 540 Andronico,
483 487 545 524 cum
556 487 634 542 grae·
652 469 688 523 tis
703 487 815 540 prorsus
831 485 916 525 novas
931 487 984 526 noc
998 470 1055 524 iam
1071 469 1108 524 sb
1123 469 1187 524 aliis

101 556 149 594 cas
177 537 288 594 fabulas
313 538 398 594 latine
427 544 577 608 verterent,
605 540 635 593 id
652 543 784 593 tractatas
808 555 868 594 esse
891 539 993 594 debere
1012 537 1122 592 fabulas
1141 537 1187 593 sel

100 606 272 677 potissimum
287 608 421 678 agebant,
442 613 473 661 ut
489 623 536 662 cas
553 623 633 678 quam
652 611 724 661 totas
736 607 780 662 vel
797 612 890 677 partes
902 623 996 661 earum
1008 606 1185 674 dictitabaut3
1258 629 1260 634 ·

101 675 218 730 maxime
235 675 347 730 auribus
364 681 392 731 et
403 676 528 731 sensibus
539 676 634 746 populi
652 675 752 797 pulillpps
768 675 849 730 dictis
865 675 1014 730 Terentius
1029 675 1187 811 (spldrpversp

664 760 681 797 a
731 760 1027 799 amsuamnovamesse
1087 785 1093 799 .
1169 784 1174 797 .

100 812 221 881 ponendi
238 818 325 866 artem
340 812 386 867 vel
401 828 490 866 mores
527 828 633 866 creona·
651 811 696 865 vel
716 829 745 866 se
766 812 913 867 nescivisse
932 813 1082 883 respondet
1101 758 1187 866 ciiiilm

100 897 162 934 rum
177 879 326 952 diligenter
342 885 370 936 et
386 880 504 949 aequab'
518 879 570 934 ‘ter
585 896 635 951 per
652 885 763 948 poetam
786 881 883 935 eadem
905 880 962 934 iam
988 880 1085 935 fabula
1106 896 1186 935 usum

102 952 188 1003 totam
216 948 341 1003 fabulam
367 949 519 1019 descriptos
544 948 633 1002 minus
653 964 712 1002 esse
722 948 802 1014 (Eun.
813 949 846 1002 19
857 956 937 1018 sqq.),
950 948 1030 1003 simul
1039 948 1186 1003 ostendens

101 1022 227 1071 curantes
234 1032 318 1086 quam
328 1017 502 1086 easvirtutcs,
509 1029 581 1086 quae
590 1033 633 1070 ru·
652 1015 699 1084 (ib.
721 1017 764 1071 27.
786 1017 820 1071 35
840 1026 911 1098 sqq.)
933 1017 1004 1070 nihil
1025 1017 1135 1088 peccati
1155 1016 1186 1070 in

102 1085 178 1139 dium
188 1090 216 1139 et
223 1085 416 1140 illiteratorum
424 1084 564 1140 hominum
576 1085 633 1138 ani·
652 1099 685 1137 co
696 1083 787 1138 inesse
803 1084 857 1138 sibi
868 1085 965 1153 vlderi,
982 1085 1055 1156 quod
1072 1084 1187 1140 eaedem

101 1170 160 1208 mos
169 1153 280 1208 allicere
291 1157 320 1208 et
329 1158 441 1224 captare
453 1158 573 1223 possent,
589 1169 633 1207 ac·
651 1167 769 1222 graecae
785 1152 897 1206 fabulae
914 1159 963 1207 aut
982 1159 1076 1223 partes
1093 1169 1187 1208 earum

100 1222 183 1276 tionis
193 1221 581 1302 varietatemetalacritatem²
593 1221 633 1274 in·
652 1237 670 1274 a
685 1219 799 1274 diversis
815 1220 908 1274 latinis
924 1221 1013 1291 poetis
1024 1227 1184 1276 tractentur.

101 1290 201 1344 citatos
224 1290 372 1359 multisque
393 1295 422 1343 et
445 1289 634 1360 petulantibus
652 1287 676 1341 si
691 1293 836 1358 praeterea
848 1289 940 1355 (Phor.
950 1291 977 1357 5)
992 1289 1145 1344 adversarii
1159 1289 1187 1345 ei

100 1358 168 1413 iocis
178 1358 349 1413 intermixtos
364 1373 510 1412 sermones.
532 1358 634 1412 sensim
652 1356 845 1411 obtrectabant
873 1358 995 1412 ‘fabulas
1023 1358 1100 1412 tenui
1123 1374 1184 1413 esse
1215 1382 1217 1388 ·

100 1442 165 1481 vero
178 1431 205 1481 et
216 1426 362 1497 paullatim
376 1425 479 1480 iudicio
494 1426 634 1480 hominum
652 1425 774 1479 oratioue
785 1429 813 1479 et
821 1425 956 1496 scriptura
964 1426 1019 1480 leui
1031 1427 1038 1450 ’
1048 1426 1079 1481 id
1088 1425 1186 1498 tetige-

51 1497 58 1509 ‘
101 1495 301 1566 aliquantulum
331 1495 450 1565 expolito
475 1499 504 1548 et
527 1494 634 1548 exculto
651 1497 723 1561 runt,
745 1493 820 1562 quod
836 1523 872 1535 -
887 1495 949 1548 aliis
969 1467 1062 1550 veritis
1082 1495 1187 1549 dictum

100 1563 408 1634 neglectasillasautea
416 1562 634 1633 virtutesmagni
651 1567 735 1630 atque
764 1563 854 1614 minus
883 1562 1005 1634 maligne
1028 1595 1061 1604 -
1082 1563 1186 1645 posteri

101 1631 246 1687 aestimare
270 1635 419 1703 coeperunt
445 1630 634 1714 imprimisque
652 1646 760 1711 quoque
782 1629 872 1684 miuus
893 1630 1062 1685 laudandum
1081 1648 1111 1684 111
1131 1631 1186 1685 Te·

101 1699 225 1781 homines
237 1699 312 1753 docti
320 1704 349 1754 et
357 1699 443 1781 quiin
451 1698 551 1754 litteris
557 1717 633 1821 prm·
651 1703 740 1779 sentio
750 1713 809 1752 esse
820 1699 978 1779 censebant.
1000 1699 1103 1781 sedatis
1112 1699 1186 1754 enim

100 1767 441 1907 stabilitati
457 1773 634 1891 abab
651 1765 1186 1918 tilttttttltfltltttttt

101 1904 259 1959 comoediae
282 1904 391 1976 graecis
414 1919 498 1972 quam
516 1904 634 1958 maxime
652 1908 681 1957 et
707 1902 846 1973 aequabili
874 1904 987 1959 flumine
1016 1920 1104 1958 sermo
1128 1921 1186 1958 e1us

100 1972 204 2027 similes
215 1973 372 2027 evaderent.
394 1973 459 2026 hinc
467 1988 532 2027 vero
540 1972 634 2042 graeci
652 1970 762 2039 labitur,
775 1970 817 2025 ita
829 1971 1186 2041 utVarro(Gell.V114,6)

100 2040 198 2096 coloris
221 2040 306 2094 nimio
330 2041 421 2094 studio
442 2040 581 2095 occaecati
601 2057 634 2095 eo
653 2056 715 2093 eum
730 2044 762 2092 ut
773 2041 912 2111 exemplar
920 2041 1072 2111 probabilis
1083 2041 1185 2095 medio·

100 2109 232 2163 0bscurae
246 2108 406 2180 diligentiae
416 2109 512 2176 (Andr.
519 2109 563 2176 21)
572 2125 633 2178 pro·
652 2107 756 2161 critatis
766 2107 877 2161 afferat:
887 2107 1052 2174 disocunon
1063 2111 1186 2162 πάθεσιν

100 2175 189 2248 gressi
203 2183 279 2246 sunt,
300 2182 332 2230 ut
347 2194 484 2259 quamque
505 2193 634 2248 graecam
652 2176 811 2230 excellebat.
837 2193 899 2229 cum
911 2194 946 2231 ne
958 2178 1064 2232 comica
1075 2177 1187 2248 quidem

99 2245 267 2300 comoediam
279 2245 362 2316 plane
378 2251 516 2316 mtegram
527 2250 633 2299 verton
652 2238 702 2312 vis,
724 2260 794 2313 quae
810 2243 919 2314 dicitur,
939 2246 971 2298 in
991 2262 1024 2300 eo
1040 2245 1186 2317 singularis

100 2314 165 2368 dam
177 2329 236 2367 esse
249 2330 338 2383 neque
349 2314 434 2367 ullam
446 2314 515 2367 alius
528 2330 633 2368 comoe·
652 2317 726 2366 esset
759 2318 787 2365 et
820 2329 922 2383 graeca
952 2314 1078 2384 exempla
1105 2315 1186 2368 nimis

101 2381 164 2436 diae
185 2399 327 2450 scaenam,
347 2383 471 2452 quamvis
491 2386 585 2452 aptam
607 2387 635 2436 et
652 2381 1185 2460 anxiepremerevideretur,aVolcacic

99 2450 250 2505 venustatis
281 2449 385 2517 lenam,
401 2450 468 2503 addi
483 2450 567 2504 licere
579 2455 633 2503 sta·
653 2448 777 2518 Sedigrto
786 2449 815 2502 in
824 2465 928 2503 canone
939 2451 1034 2504 decem
1044 2456 1186 2520 poetarum

98 2520 244 2572 tuerent18.
289 2518 408 2572 erentius
417 2534 481 2572 vero
491 2518 543 2572 etsi
552 2519 581 2571 in
589 2535 632 2573 ce·
651 2515 783 2638 palliatae
800 2519 959 2572 comoediae
975 2526 1068 2573 sextus
1080 2524 1186 2573 tantum

98 2586 166 2640 teris
171 2587 250 2640 rebus
256 2603 357 2657 gruem
363 2587 487 2656 exempla
493 2592 536 2640 sat
540 2604 633 2656 presse
661 2601 726 2638 ocus
736 2585 762 2638 ei
771 2585 914 2656 tribuitur,
926 2591 956 2640 at
967 2587 1049 2641 valde
1058 2589 1186 2642 laudatur

98 2655 242 2721 reddebat,
248 2655 459 2709 contaminando
465 2655 633 2724 tamen,ubi·
652 2651 813 2710 aCicerone
825 2658 855 2709 et
866 2653 984 2709 Caesare
1001 2661 1113 2726 propter
1131 2657 1185 2710 ele·

99 2739 206 2803 cunque
219 2740 252 2776 ex
262 2739 292 2777 re
303 2739 363 2777 esse
372 2723 493 2791 rebatur,
505 2739 559 2776 non
571 2723 633 2777 abs·
651 2721 776 2793 gantiam
796 2739 830 2776 ac
845 2722 994 2792 puritatem
1015 2723 1185 2793 sermonisll,

98 2791 194 2859 tinust,
221 2796 343 2845 veterum
367 2791 458 2861 potius
481 2797 633 2872 poetarum,
651 2795 735 2861 atque
747 2789 879 2844 Horatius
896 2807 989 2845 omnes
1002 2791 1060 2845 eius
1071 2791 1186 2848 virtutes

99 2876 183 2929 quam
201 2858 369 2912 aemulorum
384 2864 577 2914 auctoritatem
592 2875 632 2913 se·
651 2874 705 2912 uno
725 2858 809 2911 verbo
825 2859 1060 2928 comprehendens
1075 2861 1115 2914 ait
1130 2861 1185 2916 Te·

99 2932 190 2982 cutus:
215 2932 243 2982 et
262 2927 370 2981 Andria
390 2933 419 2983 et
437 2927 583 2999 Adelphos
607 2932 635 2982 ct
651 2926 770 2981 rentium
782 2936 839 2980 orte
850 2927 960 2983 vincere
972 2928 1036 2982 dici.

132 3217 227 3273 Novae
240 3217 369 3271 editionis
382 3217 630 3288 parandaefunda·
655 3215 831 3284 Umpseabacl
861 3216 892 3271 in
924 3217 1043 3272 editione
1071 3219 1186 3274 Terenti

98 3292 219 3340 mentum
243 3291 271 3340 et
294 3287 378 3340 debet
404 3291 433 3340 et
460 3291 550 3357 potest
572 3302 632 3340 esse
650 3283 971 3355 (Berolini1870lmagna
980 3303 1042 3341 cum
1050 3287 1186 3344 industria

98 3361 249 3426 apparatus
277 3354 399 3425 criticus,
428 3372 510 3426 quem
536 3356 631 3408 Fronc.
651 3353 693 3406 vel
714 3369 763 3406 sua
783 3352 871 3423 ipsius
891 3354 936 3407 vel
953 3354 1102 3410 amicorum
1122 3374 1185 3412 con·

124 3531 149 3571 18
162 3530 262 3570 Nimium
271 3529 314 3568 hoc
325 3530 347 3568 et
358 3539 372 3568 a
385 3527 632 3576 rudimentlspalllstae
650 3527 747 3567 berctus.
778 3525 889 3567 Similiter
905 3527 934 3567 de
952 3537 979 3567 ea
996 3538 1021 3568 re
1039 3529 1067 3570 G.
1084 3531 1186 3573 Bolsslcr

98 3581 230 3621 comoedlso
247 3581 358 3630 gradatim
381 3589 512 3620 accrescens
534 3579 631 3617 studium
650 3576 711 3627 (Mel.
721 3579 798 3620 Graux
811 3589 833 3627 p.
842 3579 920 3618 le-ao
934 3577 978 3619 ‘hes
988 3579 1099 3630 prolapsos
1111 3581 1186 3624 aare·

98 3643 190 3682 graecas
213 3632 299 3671 fabulas
321 3641 388 3680 quam
410 3631 508 3670 maxime
534 3629 632 3679 lntegrss
649 3627 730 3680 scaea>
743 3630 864 3678 disputavit
877 3628 921 3669 duo
938 3640 1023 3679 genera
1034 3636 1184 3681 spectatorum

98 3685 168 3724 latine
190 3682 301 3723 reddendi
318 3682 413 3731 prlmam
433 3680 632 3730 gravissimamque
650 3682 803 3720 Romanorum
815 3680 884 3720 tuisse
898 3691 1020 3732 exponens,
1034 3684 1184 3726 litteratorum

98 3745 189 3776 causam
206 3734 287 3774 celeris
309 3744 336 3772 ac
358 3741 430 3781 paene
447 3731 577 3781 praecipitis
598 3733 631 3770 ln·
651 3736 673 3772 et
686 3742 700 3772 s
713 3733 793 3771 litteris
807 3732 931 3780 studiisque
944 3735 1031 3784 graecis
1045 3746 1136 3785 prorsus
1145 3739 1184 3778 ab·

98 3786 177 3827 teritus
187 3786 234 3825 elus
243 3785 316 3833 poesis
325 3784 414 3832 generis
423 3783 491 3822 iusisse
501 3785 561 3832 puto.
579 3793 632 3822 uam
650 3784 797 3823 horrentium.

98 3835 632 3934 resuscitassemusiussu
651 3834 1184 3938 ..lusaattitulasseusta

98 3939 162 3987 quasi
180 3938 256 3977 dedita
274 3947 342 3986 opera
355 3941 461 3985 certoque
475 3936 570 3977 consilio
583 3938 632 3976 abs·
652 3936 735 3983 brecht,
755 3936 817 3977 stud.
836 3938 889 3978 Ter.
911 3948 933 3986 p.
951 3938 963 3977 'i
981 3949 1029 3988 sqq.
1054 3940 1090 3979 De
1107 3941 1184 3982 indole

98 3989 204 4037 sinerent,
214 3989 263 4028 llerl
272 3998 317 4027 non
330 3989 409 4038 potuit,
419 3989 473 4037 quin
482 3991 554 4028 totum
563 3999 633 4038 genus
651 3988 793 4038 moribusque
806 3991 887 4037 poetae
900 3992 923 4028 ct
937 3988 965 4028 de
979 3990 1026 4029 eius
1035 3991 1124 4039 scriptis
1133 3994 1183 4033 sub·

99 4039 145 4082 olto
158 4043 271 4083 nosceret
283 4041 306 4084 et
318 4040 344 4081 ln
352 4049 384 4092 sc,
397 4042 423 4081 ut
430 4039 463 4083 lto
472 4039 552 4091 dicem,
566 4040 633 4081 colla·
651 4040 721 4080 tlllter
729 4039 804 4092 Bergk
815 4040 839 4080 ln
848 4039 908 4082 Phll.
917 4039 970 4084 XVI
979 4039 1016 4081 629
1024 4051 1056 4092 sq.
1066 4042 1159 4084 iudicat.
