2602 4432
98 213 165 302 ica
530 226 738 284 conruere
1055 211 1117 278 277

234 353 299 419 Hic
312 355 416 419 faciat.
436 355 498 419 An.
510 353 560 418 Mi
569 351 673 438 paterl
692 351 753 416 Mn.
763 348 851 431 Quid
865 359 901 414 tu
914 358 1021 414 autem
1034 348 1118 425 huic,
1136 354 1188 410 935

573 446 670 521 asine,
689 445 867 510 auscultas?
888 442 952 508 Dn.
966 443 1021 509 Nfl
1034 442 1118 528 agis:

234 543 320 609 Fieri
337 543 428 608 aliter
445 565 510 607 non
526 543 640 628 potest.
671 540 731 604 Mr.
745 538 883 604 Delirus.
914 539 977 602 An.
992 536 1070 602 Sine
1087 547 1119 602 te

573 657 710 711 exorem,
728 636 773 698 mi
790 645 888 719 pater.

148 732 208 798 Mi.
234 731 373 797 Insanis:
400 730 499 797 aufer.
538 731 601 797 Dn.
624 712 709 815 lige,
731 727 921 794 da'ueniam
942 727 1018 792 fflio.
1057 726 1117 790 Mr.

573 823 664 889 Satin
683 825 779 888 sanus
798 822 849 887 es?

110 937 136 981 ta
234 919 306 1006 Ego
324 922 425 985 nanos
443 919 574 984 maritus
595 921 679 982 anno
698 918 826 982 demum
847 917 957 1000 quinto
974 925 1006 980 et
1027 936 1118 979 sexa·

572 1014 727 1099 gensumo

233 1108 325 1173 Fiam
341 1111 437 1192 atque
460 1130 556 1172 anum
579 1107 771 1192 decrepitam
788 1104 922 1170 ducam?
946 1102 1021 1168 idne
1043 1101 1117 1167 estis

573 1203 716 1266 auctores
733 1199 829 1264 mihi?

149 1298 211 1361 An.
233 1296 315 1362 Fac:
338 1294 466 1381 prdmisi
484 1316 545 1381 ego
566 1294 638 1360 illis.
682 1293 742 1358 M1.
760 1291 909 1358 Primisti
931 1292 1055 1357 autem?
1078 1289 1117 1355 (le
1135 1296 1187 1354 940

572 1399 604 1455 te
621 1389 759 1475 largiter,
777 1408 866 1474 puer.

148 1482 212 1547 Dn.
230 1484 314 1569 Age,
332 1485 408 1569 quid
426 1485 454 1550 si
470 1483 549 1568 quid
565 1495 596 1549 te
614 1484 716 1548 maius
735 1483 820 1548 oret?
855 1481 915 1546 M1.
934 1479 1037 1562 Quasi
1053 1502 1118 1545 non

571 1578 632 1643 hoc
649 1578 690 1643 sit
708 1580 903 1642 maxumum.

147 1670 210 1736 Dn.
229 1671 283 1737 Da
309 1671 445 1737 ueniam.
493 1673 555 1737 An.
582 1671 633 1738 Ne
659 1675 803 1757 grauere.
851 1670 915 1736 Dn.
941 1669 1019 1745 Fac,
1045 1691 1118 1755 pro·

297 1849 299 1853 Ι
571 1768 669 1831 mltte.
712 1767 772 1832 Μι.
790 1766 863 1833 Non
880 1763 1041 1830 omittitis?

109 1861 210 1924 aoAn.
233 1861 317 1938 Non,
341 1859 402 1924 nlsi
420 1869 452 1925 te
474 1881 612 1925 exorem.
647 1861 708 1926 M1.
726 1862 785 1929 Vls
808 1871 855 1925 est
877 1858 956 1925 haec
976 1858 1116 1943 quidem.

571 1954 634 2019 Du.
652 1937 728 2042 elge
745 1954 877 2040 prolixe,
894 1953 1004 2020 Micio.

146 2048 207 2112 Mr.
235 2047 305 2112 Etsi
327 2048 386 2113 hcc
408 2047 484 2112 mihi
506 2070 639 2133 prauum
660 2049 803 2134 ineptum
826 2049 999 2113 absurdum
1021 2058 1117 2130 atque

570 2142 710 2207 alienum
727 2166 747 2207 a
763 2143 831 2208 uita
847 2164 919 2208 mea

232 2234 381 2303 Videturz
400 2235 427 2301 si
444 2257 501 2301 uos
518 2239 606 2302 tanto
624 2259 719 2323 opere
736 2237 818 2303 istuc
834 2237 937 2316 uultis,
956 2237 1020 2302 fiat.
1053 2237 1114 2302 An.
1132 2242 1184 2297 945

571 2331 661 2397 Bene
678 2331 767 2397 facis.

146 2427 205 2492 Dr.
231 2425 348 2491 Merite
358 2437 389 2490 te
399 2445 479 2489 amo.
499 2426 610 2491 uenim
622 2477 629 2491 .
641 2476 649 2492 .
660 2427 716 2491 Ma
731 2425 837 2508 Quid?
849 2427 908 2492 Dr.
919 2428 990 2511 Ego
1000 2425 1114 2503 dicam,

570 2519 631 2585 hcc
649 2541 746 2604 quom
765 2520 855 2585 confit
873 2521 959 2604 quad
975 2521 1059 2585 uolo.

145 2615 205 2678 Mr.
233 2612 320 2694 Quid
346 2614 431 2680 nlrnc
452 2615 539 2698 quod
559 2616 675 2680 restat?
714 2615 776 2680 Du.
799 2615 905 2701 Hegio
929 2627 976 2680 est
997 2615 1045 2679 laic
1065 2614 1114 2679 his

571 2718 724 2794 cognatus
742 2711 926 2795 prestamus,

108 2818 132 2859 aa
232 2800 360 2866 Adfinis
381 2801 484 2881 nobis,
510 2803 644 2889 pauper:
672 2802 753 2870 bene
779 2826 837 2870 nos
863 2804 984 2888 aliquid
1009 2804 1114 2869 facere

569 2898 615 2963 illl
632 2898 732 2965 decet.

145 2993 204 3057 M1.
234 2991 319 3072 Quid
337 2993 460 3059 facere?
494 2992 557 3059 Dn.
576 2994 713 3080 Agellist
735 2995 787 3059 hic
805 2993 961 3059 suburbe
983 2995 1115 3080 paulurn

570 3088 656 3171 quod
673 3088 783 3152 locitas
800 3087 900 3152 foras:

230 3180 316 3244 Huic
330 3180 440 3246 demus
454 3181 508 3266 qui
526 3182 658 3246 fruatur.
685 3182 743 3247 Mi.
756 3182 896 3247 Paulum
909 3182 941 3247 id
959 3184 1114 3248 autemst?
1131 3186 1182 3242 950

569 3274 632 3341 Du.
652 3275 688 3342 Si
706 3276 880 3353 multumt,
898 3290 1003 3343 tamen

213 3368 471 3435 ‘Faciundumstr
506 3391 564 3454 pro
598 3380 688 3454 patre
718 3370 792 3436 hulc
824 3383 882 3448 est,
917 3371 1019 3438 bonus
1055 3385 1112 3454 est,

568 3465 674 3530 nester
692 3478 750 3542 est,
767 3467 852 3531 recte
870 3466 971 3532 datur.

229 3555 395 3622 Postremo
417 3582 497 3624 nunc
519 3582 625 3625 meum
645 3561 725 3625 illud
751 3563 885 3627 uerbum
908 3563 1001 3642 facio,
1028 3567 1113 3650 quod

567 3666 612 3731 tu,
629 3654 739 3733 Μίοίο,

229 3745 319 3810 Bene
336 3746 368 3810 et
386 3746 544 3832 sapienter
557 3748 633 3813 dixti
646 3749 781 3814 dudum:
802 3750 930 3816 ‘uitium
946 3774 1112 3822 commune

567 3843 746 3920 amniumsn

230 3930 327 4016 Quod
344 3932 475 3999 nimium
493 3934 535 3999 ad
552 3958 618 4000 rem
635 3937 669 4001 in
691 3939 818 4003 senecta
840 3940 951 4005 attenti
973 3943 1110 4011 sumus’:

569 4029 652 4098 hane
667 4034 835 4101 maculata
846 4037 912 4101 uns
927 4036 1027 4099 necea
