<?xml version="1.0" encoding="UTF-8"?>
<!DOCTYPE html PUBLIC "-//W3C//DTD XHTML 1.0 Transitional//EN"
    "http://www.w3.org/TR/xhtml1/DTD/xhtml1-transitional.dtd">
<html xmlns="http://www.w3.org/1999/xhtml" xml:lang="en" lang="en">
 <head>
  <title>
</title>
<meta http-equiv="Content-Type" content="text/html;charset=utf-8" />
  <meta name='ocr-system' content='tesseract 3.04.00' />
  <meta name='ocr-capabilities' content='ocr_page ocr_carea ocr_par ocr_line ocrx_word'/>
</head>
<body>
  <div class='ocr_page' id='page_1' title='image "./comoediae00lindgoog_0093.png"; bbox 0 0 2602 4432; ppageno 0'>
   <div class='ocr_carea' id='block_1_1' title="bbox 170 218 1194 300">
    <p class='ocr_par' dir='ltr' id='par_1_1' title="bbox 170 218 1194 300">
     <span class='ocr_line' id='line_1_1' title="bbox 170 218 1194 300; baseline 0 -13"><span class='ocrx_word' id='word_1_1' title='bbox 170 218 211 288; x_wconf 81' lang='lat'><strong>48</strong></span> <span class='ocrx_word' id='word_1_2' title='bbox 577 227 727 288; x_wconf 80' lang='lat' dir='ltr'>ANDBIA</span> <span class='ocrx_word' id='word_1_3' title='bbox 1127 227 1194 300; x_wconf 64' lang='lat' dir='ltr'><strong>tut</strong></span> 
     </span>
    </p>
   </div>
   <div class='ocr_carea' id='block_1_2' title="bbox 100 350 1181 3906">
    <p class='ocr_par' dir='ltr' id='par_1_2' title="bbox 100 350 1181 3906">
     <span class='ocr_line' id='line_1_2' title="bbox 256 350 1144 439; baseline -0.003 -18"><span class='ocrx_word' id='word_1_4' title='bbox 256 354 344 439; x_wconf 83' lang='lat' dir='ltr'><strong>Quid</strong></span> <span class='ocrx_word' id='word_1_5' title='bbox 361 354 415 420; x_wconf 81' lang='lat' dir='ltr'><strong>illo</strong></span> <span class='ocrx_word' id='word_1_6' title='bbox 434 353 474 419; x_wconf 89' lang='lat' dir='ltr'><strong>sit</strong></span> <span class='ocrx_word' id='word_1_7' title='bbox 491 353 621 419; x_wconf 81' lang='lat' dir='ltr'><strong>foetum.</strong></span> <span class='ocrx_word' id='word_1_8' title='bbox 657 352 718 418; x_wconf 77' lang='grc' dir='ltr'><strong>ΡΑ.</strong></span> <span class='ocrx_word' id='word_1_9' title='bbox 737 353 802 419; x_wconf 86' lang='lat' dir='ltr'><strong>Vix</strong></span> <span class='ocrx_word' id='word_1_10' title='bbox 820 374 891 417; x_wconf 92' lang='lat' dir='ltr'><strong>sum</strong></span> <span class='ocrx_word' id='word_1_11' title='bbox 910 350 995 438; x_wconf 81' lang='lat' dir='ltr'><strong>apud</strong></span> <span class='ocrx_word' id='word_1_12' title='bbox 1012 373 1080 418; x_wconf 84' lang='lat' dir='ltr'><strong>me:</strong></span> <span class='ocrx_word' id='word_1_13' title='bbox 1097 350 1144 418; x_wconf 79' lang='lat' dir='ltr'><strong>ite</strong></span> 
     </span>
     <span class='ocr_line' id='line_1_3' title="bbox 593 446 1031 512; baseline -0.005 0"><span class='ocrx_word' id='word_1_14' title='bbox 593 447 717 512; x_wconf 70' lang='lat' dir='ltr'><strong>enimus</strong></span> <span class='ocrx_word' id='word_1_15' title='bbox 736 446 925 510; x_wconf 80' lang='lat' dir='ltr'><strong>commotdst</strong></span> <span class='ocrx_word' id='word_1_16' title='bbox 943 456 1031 511; x_wconf 91' lang='lat' dir='ltr'><strong>metu</strong></span> 
     </span>
     <span class='ocr_line' id='line_1_4' title="bbox 255 539 1181 630; baseline -0.011 -20"><span class='ocrx_word' id='word_1_17' title='bbox 255 542 322 630; x_wconf 86' lang='lat' dir='ltr'><strong>Spe</strong></span> <span class='ocrx_word' id='word_1_18' title='bbox 349 541 480 629; x_wconf 69' lang='lat' dir='ltr'><strong>gaddo,</strong></span> <span class='ocrx_word' id='word_1_19' title='bbox 511 541 654 607; x_wconf 74' lang='lat' dir='ltr'><strong>mirdndo</strong></span> <span class='ocrx_word' id='word_1_20' title='bbox 680 551 768 606; x_wconf 88' lang='lat' dir='ltr'><strong>teuto</strong></span> <span class='ocrx_word' id='word_1_21' title='bbox 795 543 860 604; x_wconf 74' lang='lat' dir='ltr'><strong>tim</strong></span> <span class='ocrx_word' id='word_1_22' title='bbox 889 540 1055 625; x_wconf 89' lang='lat' dir='ltr'><strong>repentino</strong></span> <span class='ocrx_word' id='word_1_23' title='bbox 1081 539 1181 606; x_wconf 74' lang='lat' dir='ltr'><strong>hoen</strong></span> 
     </span>
     <span class='ocr_line' id='line_1_5' title="bbox 594 636 687 700; baseline -0.011 0"><span class='ocrx_word' id='word_1_24' title='bbox 594 636 687 700; x_wconf 90' lang='lat' dir='ltr'><strong>bono.</strong></span> 
     </span>
     <span class='ocr_line' id='line_1_6' title="bbox 171 727 1141 815; baseline -0.005 -17"><span class='ocrx_word' id='word_1_25' title='bbox 171 731 217 798; x_wconf 88' lang='grc'><strong>81.</strong></span> <span class='ocrx_word' id='word_1_26' title='bbox 252 730 302 797; x_wconf 89' lang='lat' dir='ltr'><strong>Ne</strong></span> <span class='ocrx_word' id='word_1_27' title='bbox 319 729 413 795; x_wconf 72' lang='lat' dir='ltr'><strong>istim</strong></span> <span class='ocrx_word' id='word_1_28' title='bbox 430 729 625 795; x_wconf 83' lang='lat' dir='ltr'>multimodis</span> <span class='ocrx_word' id='word_1_29' title='bbox 642 740 730 794; x_wconf 84' lang='lat' dir='ltr'><strong>tuam</strong></span> <span class='ocrx_word' id='word_1_30' title='bbox 747 728 884 794; x_wconf 89' lang='lat' dir='ltr'><strong>inueniri</strong></span> <span class='ocrx_word' id='word_1_31' title='bbox 900 729 1036 815; x_wconf 77' lang='lat' dir='ltr'><strong>geddeo.</strong></span> <span class='ocrx_word' id='word_1_32' title='bbox 1079 727 1141 793; x_wconf 77' lang='grc' dir='ltr'><strong>ΡΑ.</strong></span> 
     </span>
     <span class='ocr_line' id='line_1_7' title="bbox 596 821 831 907; baseline 0 -20"><span class='ocrx_word' id='word_1_33' title='bbox 596 821 713 899; x_wconf 80' lang='lat' dir='ltr'><strong>Credo,</strong></span> <span class='ocrx_word' id='word_1_34' title='bbox 731 833 831 907; x_wconf 83' lang='lat' dir='ltr'><strong>pater.</strong></span> 
     </span>
     <span class='ocr_line' id='line_1_8' title="bbox 101 915 1141 1003; baseline -0.002 -21"><span class='ocrx_word' id='word_1_35' title='bbox 101 916 232 983; x_wconf 80' lang='lat'>940011.</span> <span class='ocrx_word' id='word_1_36' title='bbox 256 919 302 983; x_wconf 87' lang='lat' dir='ltr'><strong>At</strong></span> <span class='ocrx_word' id='word_1_37' title='bbox 321 917 488 1003; x_wconf 80' lang='lat' dir='ltr'><strong>sordpulus</strong></span> <span class='ocrx_word' id='word_1_38' title='bbox 509 916 554 981; x_wconf 89' lang='lat' dir='ltr'><strong>mi</strong></span> <span class='ocrx_word' id='word_1_39' title='bbox 573 916 667 982; x_wconf 86' lang='lat' dir='ltr'><strong>etiam</strong></span> <span class='ocrx_word' id='word_1_40' title='bbox 684 917 767 980; x_wconf 80' lang='lat' dir='ltr'><strong>dnus</strong></span> <span class='ocrx_word' id='word_1_41' title='bbox 785 926 892 994; x_wconf 84' lang='lat' dir='ltr'><strong>restet,</strong></span> <span class='ocrx_word' id='word_1_42' title='bbox 915 917 971 999; x_wconf 91' lang='lat' dir='ltr'><strong>qui</strong></span> <span class='ocrx_word' id='word_1_43' title='bbox 989 938 1040 981; x_wconf 91' lang='lat' dir='ltr'><strong>me</strong></span> <span class='ocrx_word' id='word_1_44' title='bbox 1057 915 1141 980; x_wconf 83' lang='lat' dir='ltr'><strong>male</strong></span> 
     </span>
     <span class='ocr_line' id='line_1_9' title="bbox 595 1008 1002 1095; baseline -0.002 -20"><span class='ocrx_word' id='word_1_45' title='bbox 595 1010 700 1076; x_wconf 85' lang='lat' dir='ltr'><strong>habet.</strong></span> <span class='ocrx_word' id='word_1_46' title='bbox 743 1008 804 1074; x_wconf 70' lang='grc' dir='ltr'><strong>ΡΑ.</strong></span> <span class='ocrx_word' id='word_1_47' title='bbox 822 1009 950 1095; x_wconf 83' lang='lat' dir='ltr'>Dignus</span> <span class='ocrx_word' id='word_1_48' title='bbox 969 1033 1002 1074; x_wconf 90' lang='lat' dir='ltr'><strong>es</strong></span> 
     </span>
     <span class='ocr_line' id='line_1_10' title="bbox 255 1102 1141 1191; baseline -0.003 -20"><span class='ocrx_word' id='word_1_49' title='bbox 255 1104 340 1171; x_wconf 91' lang='lat' dir='ltr'><strong>Cum</strong></span> <span class='ocrx_word' id='word_1_50' title='bbox 361 1108 417 1169; x_wconf 76' lang='lat' dir='ltr'><strong>tud</strong></span> <span class='ocrx_word' id='word_1_51' title='bbox 438 1104 605 1191; x_wconf 83' lang='lat' dir='ltr'><strong>religione,</strong></span> <span class='ocrx_word' id='word_1_52' title='bbox 629 1103 737 1168; x_wconf 80' lang='lat' dir='ltr'><strong>odium</strong></span> <span class='ocrx_word' id='word_1_53' title='bbox 761 1102 818 1169; x_wconf 81' lang='lat' dir='ltr'><strong>..i</strong></span> <span class='ocrx_word' id='word_1_54' title='bbox 840 1102 958 1168; x_wconf 92' lang='lat' dir='ltr'><strong>nodum</strong></span> <span class='ocrx_word' id='word_1_55' title='bbox 981 1105 1015 1167; x_wconf 91' lang='lat' dir='ltr'><strong>in</strong></span> <span class='ocrx_word' id='word_1_56' title='bbox 1037 1104 1141 1189; x_wconf 82' lang='lat' dir='ltr'><strong>scirpo</strong></span> 
     </span>
     <span class='ocr_line' id='line_1_11' title="bbox 592 1195 1123 1280; baseline -0.002 -18"><span class='ocrx_word' id='word_1_57' title='bbox 592 1198 727 1280; x_wconf 82' lang='lat' dir='ltr'><strong>quaeris.</strong></span> <span class='ocrx_word' id='word_1_58' title='bbox 774 1195 832 1261; x_wconf 76' lang='lat' dir='ltr'><strong>Cu.</strong></span> <span class='ocrx_word' id='word_1_59' title='bbox 852 1195 939 1278; x_wconf 82' lang='lat' dir='ltr'><strong>Quid</strong></span> <span class='ocrx_word' id='word_1_60' title='bbox 957 1198 1040 1262; x_wconf 88' lang='lat' dir='ltr'><strong>istud</strong></span> <span class='ocrx_word' id='word_1_61' title='bbox 1056 1197 1123 1262; x_wconf 89' lang='lat' dir='ltr'><strong>est?</strong></span> 
     </span>
     <span class='ocr_line' id='line_1_12' title="bbox 170 1288 1141 1360; baseline -0.005 -1"><span class='ocrx_word' id='word_1_62' title='bbox 170 1293 230 1360; x_wconf 80' lang='lat' dir='ltr'><strong>Cu.</strong></span> <span class='ocrx_word' id='word_1_63' title='bbox 257 1293 382 1358; x_wconf 75' lang='lat' dir='ltr'><strong>Nomen</strong></span> <span class='ocrx_word' id='word_1_64' title='bbox 400 1314 464 1357; x_wconf 91' lang='lat' dir='ltr'><strong>non</strong></span> <span class='ocrx_word' id='word_1_65' title='bbox 483 1294 639 1356; x_wconf 86' lang='lat' dir='ltr'><strong>conuenit.</strong></span> <span class='ocrx_word' id='word_1_66' title='bbox 671 1288 730 1356; x_wconf 81' lang='lat' dir='ltr'><strong>Cu.</strong></span> <span class='ocrx_word' id='word_1_67' title='bbox 748 1291 824 1356; x_wconf 82' lang='lat' dir='ltr'><strong>Fuit</strong></span> <span class='ocrx_word' id='word_1_68' title='bbox 840 1290 945 1356; x_wconf 86' lang='lat' dir='ltr'><strong>hercle</strong></span> <span class='ocrx_word' id='word_1_69' title='bbox 962 1290 1037 1356; x_wconf 88' lang='lat' dir='ltr'><strong>huie</strong></span> <span class='ocrx_word' id='word_1_70' title='bbox 1052 1289 1141 1356; x_wconf 70' lang='lat' dir='ltr'><strong>iliud</strong></span> 
     </span>
     <span class='ocr_line' id='line_1_13' title="bbox 593 1383 1090 1471; baseline 0.002 -22"><span class='ocrx_word' id='word_1_71' title='bbox 593 1407 720 1471; x_wconf 82' lang='lat' dir='ltr'><strong>paruae.</strong></span> <span class='ocrx_word' id='word_1_72' title='bbox 766 1383 826 1450; x_wconf 83' lang='lat' dir='ltr'><strong>Cu.</strong></span> <span class='ocrx_word' id='word_1_73' title='bbox 855 1383 962 1466; x_wconf 82' lang='lat' dir='ltr'><strong>Quod,</strong></span> <span class='ocrx_word' id='word_1_74' title='bbox 981 1383 1090 1450; x_wconf 85' lang='lat' dir='ltr'><strong>Crito?</strong></span> 
     </span>
     <span class='ocr_line' id='line_1_14' title="bbox 253 1475 1180 1565; baseline -0.01 -18"><span class='ocrx_word' id='word_1_75' title='bbox 253 1481 340 1547; x_wconf 90' lang='lat' dir='ltr'><strong>Num</strong></span> <span class='ocrx_word' id='word_1_76' title='bbox 358 1479 436 1563; x_wconf 93' lang='lat' dir='ltr'><strong>quid</strong></span> <span class='ocrx_word' id='word_1_77' title='bbox 453 1478 642 1543; x_wconf 79' lang='lat' dir='ltr'><strong>meministi?</strong></span> <span class='ocrx_word' id='word_1_78' title='bbox 674 1475 732 1543; x_wconf 80' lang='lat' dir='ltr'><strong>Cn.</strong></span> <span class='ocrx_word' id='word_1_79' title='bbox 750 1478 791 1543; x_wconf 90' lang='lat' dir='ltr'><strong>Id</strong></span> <span class='ocrx_word' id='word_1_80' title='bbox 807 1481 935 1562; x_wconf 76' lang='lat' dir='ltr'><strong>quaero.</strong></span> <span class='ocrx_word' id='word_1_81' title='bbox 965 1477 1027 1543; x_wconf 65' lang='lat' dir='ltr'><strong>Pu.</strong></span> <span class='ocrx_word' id='word_1_82' title='bbox 1044 1477 1140 1565; x_wconf 86' lang='lat' dir='ltr'><strong>Egon</strong></span> <span class='ocrx_word' id='word_1_83' title='bbox 1153 1496 1180 1537; x_wconf 72' lang='lat' dir='ltr'><strong>so</strong></span> 
     </span>
     <span class='ocr_line' id='line_1_15' title="bbox 594 1571 1115 1658; baseline 0.006 -23"><span class='ocrx_word' id='word_1_84' title='bbox 594 1571 687 1637; x_wconf 91' lang='lat' dir='ltr'><strong>huius</strong></span> <span class='ocrx_word' id='word_1_85' title='bbox 704 1573 888 1637; x_wconf 75' lang='lat' dir='ltr'><strong>memoriam</strong></span> <span class='ocrx_word' id='word_1_86' title='bbox 906 1573 1009 1658; x_wconf 75' lang='lat' dir='ltr'><strong>patidr</strong></span> <span class='ocrx_word' id='word_1_87' title='bbox 1024 1595 1115 1638; x_wconf 84' lang='lat' dir='ltr'><strong>meae</strong></span> 
     </span>
     <span class='ocr_line' id='line_1_16' title="bbox 254 1662 1140 1752; baseline -0.003 -18"><span class='ocrx_word' id='word_1_88' title='bbox 254 1662 418 1752; x_wconf 76' lang='lat' dir='ltr'><strong>Volupttti</strong></span> <span class='ocrx_word' id='word_1_89' title='bbox 445 1666 585 1743; x_wconf 83' lang='lat' dir='ltr'><strong>obstare,</strong></span> <span class='ocrx_word' id='word_1_90' title='bbox 612 1668 709 1749; x_wconf 80' lang='lat' dir='ltr'><strong>quom</strong></span> <span class='ocrx_word' id='word_1_91' title='bbox 736 1688 796 1752; x_wconf 87' lang='lat' dir='ltr'><strong>ego</strong></span> <span class='ocrx_word' id='word_1_92' title='bbox 823 1667 941 1751; x_wconf 85' lang='lat' dir='ltr'><strong>possim</strong></span> <span class='ocrx_word' id='word_1_93' title='bbox 967 1665 1000 1729; x_wconf 90' lang='lat' dir='ltr'><strong>in</strong></span> <span class='ocrx_word' id='word_1_94' title='bbox 1023 1666 1083 1731; x_wconf 76' lang='lat' dir='ltr'><strong>hdo</strong></span> <span class='ocrx_word' id='word_1_95' title='bbox 1106 1688 1140 1731; x_wconf 85' lang='lat' dir='ltr'><strong>re</strong></span> 
     </span>
     <span class='ocr_line' id='line_1_17' title="bbox 595 1759 857 1825; baseline -0.004 -1"><span class='ocrx_word' id='word_1_96' title='bbox 595 1761 745 1825; x_wconf 86' lang='lat' dir='ltr'><strong>medicari</strong></span> <span class='ocrx_word' id='word_1_97' title='bbox 762 1759 857 1825; x_wconf 88' lang='lat' dir='ltr'><strong>mihi?</strong></span> 
     </span>
     <span class='ocr_line' id='line_1_18' title="bbox 100 1851 1138 1937; baseline -0.002 -18"><span class='ocrx_word' id='word_1_98' title='bbox 100 1877 151 1930; x_wconf 82' lang='lat'><strong>945</strong></span> <span class='ocrx_word' id='word_1_99' title='bbox 253 1857 358 1932; x_wconf 89' lang='lat' dir='ltr'><strong>Heus,</strong></span> <span class='ocrx_word' id='word_1_100' title='bbox 382 1852 547 1931; x_wconf 78' lang='lat' dir='ltr'><strong>Chremes,</strong></span> <span class='ocrx_word' id='word_1_101' title='bbox 571 1854 657 1937; x_wconf 92' lang='lat' dir='ltr'><strong>quod</strong></span> <span class='ocrx_word' id='word_1_102' title='bbox 679 1854 819 1937; x_wconf 85' lang='lat' dir='ltr'><strong>quaeris,</strong></span> <span class='ocrx_word' id='word_1_103' title='bbox 841 1852 1033 1918; x_wconf 75' lang='lat' dir='ltr'><strong>Pdsibulest.</strong></span> <span class='ocrx_word' id='word_1_104' title='bbox 1079 1851 1138 1918; x_wconf 76' lang='lat' dir='ltr'><strong>Cu.</strong></span> 
     </span>
     <span class='ocr_line' id='line_1_19' title="bbox 593 1944 1118 2031; baseline 0.004 -20"><span class='ocrx_word' id='word_1_105' title='bbox 593 1945 761 2012; x_wconf 63' lang='lat' dir='ltr'><strong>Pasibula?</strong></span> <span class='ocrx_word' id='word_1_106' title='bbox 795 1948 910 2031; x_wconf 73' lang='lat' dir='ltr'><strong>Ipsdst.</strong></span> <span class='ocrx_word' id='word_1_107' title='bbox 947 1944 1005 2011; x_wconf 85' lang='lat' dir='ltr'><strong>Cn.</strong></span> <span class='ocrx_word' id='word_1_108' title='bbox 1027 1947 1118 2014; x_wconf 59' lang='grc' dir='ltr'><strong>Επεὶ.</strong></span> 
     </span>
     <span class='ocr_line' id='line_1_20' title="bbox 169 2037 1140 2128; baseline -0.001 -20"><span class='ocrx_word' id='word_1_109' title='bbox 169 2045 228 2108; x_wconf 75' lang='grc' dir='ltr'><strong>ΡΑ.</strong></span> <span class='ocrx_word' id='word_1_110' title='bbox 256 2043 307 2107; x_wconf 86' lang='lat' dir='ltr'><strong>Ex</strong></span> <span class='ocrx_word' id='word_1_111' title='bbox 329 2044 399 2128; x_wconf 84' lang='lat' dir='ltr'><strong>ipsu</strong></span> <span class='ocrx_word' id='word_1_112' title='bbox 417 2042 539 2107; x_wconf 74' lang='lat' dir='ltr'><strong>miliens</strong></span> <span class='ocrx_word' id='word_1_113' title='bbox 557 2041 675 2106; x_wconf 84' lang='lat' dir='ltr'><strong>audiui.</strong></span> <span class='ocrx_word' id='word_1_114' title='bbox 721 2040 766 2106; x_wconf 98' lang='grc'><strong>81.</strong></span> <span class='ocrx_word' id='word_1_115' title='bbox 791 2037 905 2104; x_wconf 90' lang='lat' dir='ltr'><strong>Omnis</strong></span> <span class='ocrx_word' id='word_1_116' title='bbox 922 2062 980 2104; x_wconf 90' lang='lat' dir='ltr'><strong>nos</strong></span> <span class='ocrx_word' id='word_1_117' title='bbox 998 2041 1140 2127; x_wconf 83' lang='lat' dir='ltr'><strong>gaudere</strong></span> 
     </span>
     <span class='ocr_line' id='line_1_21' title="bbox 593 2132 847 2228; baseline 0.004 -31"><span class='ocrx_word' id='word_1_118' title='bbox 593 2135 663 2210; x_wconf 80' lang='lat' dir='ltr'><strong>hoc,</strong></span> <span class='ocrx_word' id='word_1_119' title='bbox 683 2132 847 2228; x_wconf 60' lang='lat' dir='ltr'><strong>Chremes,</strong></span> 
     </span>
     <span class='ocr_line' id='line_1_22' title="bbox 254 2226 1139 2306; baseline 0.001 -12"><span class='ocrx_word' id='word_1_120' title='bbox 254 2230 302 2294; x_wconf 86' lang='lat' dir='ltr'><strong>Te</strong></span> <span class='ocrx_word' id='word_1_121' title='bbox 321 2229 415 2294; x_wconf 75' lang='lat' dir='ltr'><strong>credo</strong></span> <span class='ocrx_word' id='word_1_122' title='bbox 433 2228 571 2295; x_wconf 86' lang='lat' dir='ltr'><strong>credere.</strong></span> <span class='ocrx_word' id='word_1_123' title='bbox 617 2226 676 2292; x_wconf 84' lang='lat' dir='ltr'><strong>Cn.</strong></span> <span class='ocrx_word' id='word_1_124' title='bbox 707 2228 758 2292; x_wconf 82' lang='lat' dir='ltr'><strong>Ita</strong></span> <span class='ocrx_word' id='word_1_125' title='bbox 776 2250 827 2292; x_wconf 89' lang='lat' dir='ltr'><strong>me</strong></span> <span class='ocrx_word' id='word_1_126' title='bbox 845 2227 877 2291; x_wconf 92' lang='lat' dir='ltr'><strong>di</strong></span> <span class='ocrx_word' id='word_1_127' title='bbox 895 2239 1012 2306; x_wconf 83' lang='lat' dir='ltr'><strong>ament,</strong></span> <span class='ocrx_word' id='word_1_128' title='bbox 1035 2230 1139 2295; x_wconf 73' lang='lat' dir='ltr'><strong>oredo.</strong></span> 
     </span>
     <span class='ocr_line' id='line_1_23' title="bbox 591 2320 1083 2407; baseline 0.006 -22"><span class='ocrx_word' id='word_1_129' title='bbox 591 2321 651 2386; x_wconf 68' lang='lat' dir='ltr'><strong>Pr.</strong></span> <span class='ocrx_word' id='word_1_130' title='bbox 670 2320 768 2403; x_wconf 89' lang='lat' dir='ltr'><strong>Quod</strong></span> <span class='ocrx_word' id='word_1_131' title='bbox 785 2324 892 2399; x_wconf 67' lang='lat' dir='ltr'><strong>restet,</strong></span> <span class='ocrx_word' id='word_1_132' title='bbox 910 2335 1001 2407; x_wconf 86' lang='lat' dir='ltr'><strong>pater</strong></span> <span class='ocrx_word' id='word_1_133' title='bbox 1019 2375 1027 2390; x_wconf 92' lang='lat'><strong>.</strong></span> <span class='ocrx_word' id='word_1_134' title='bbox 1046 2371 1055 2389; x_wconf 86' lang='lat'><strong>.</strong></span> <span class='ocrx_word' id='word_1_135' title='bbox 1075 2372 1083 2388; x_wconf 92' lang='lat'><strong><em>.</em></strong></span> 
     </span>
     <span class='ocr_line' id='line_1_24' title="bbox 171 2416 1180 2501; baseline -0.007 -17"><span class='ocrx_word' id='word_1_136' title='bbox 171 2419 216 2485; x_wconf 90' lang='grc'><strong>81.</strong></span> <span class='ocrx_word' id='word_1_137' title='bbox 252 2420 322 2482; x_wconf 88' lang='lat' dir='ltr'><strong>Iam</strong></span> <span class='ocrx_word' id='word_1_138' title='bbox 342 2418 462 2482; x_wconf 83' lang='lat' dir='ltr'><strong>dddum</strong></span> <span class='ocrx_word' id='word_1_139' title='bbox 481 2439 531 2482; x_wconf 87' lang='lat' dir='ltr'><strong>res</strong></span> <span class='ocrx_word' id='word_1_140' title='bbox 549 2416 696 2481; x_wconf 84' lang='lat' dir='ltr'><strong>redddxit</strong></span> <span class='ocrx_word' id='word_1_141' title='bbox 712 2439 764 2480; x_wconf 89' lang='lat' dir='ltr'><strong>me</strong></span> <span class='ocrx_word' id='word_1_142' title='bbox 777 2416 847 2501; x_wconf 85' lang='lat' dir='ltr'><strong>ipsa</strong></span> <span class='ocrx_word' id='word_1_143' title='bbox 860 2416 892 2479; x_wconf 92' lang='lat' dir='ltr'><strong>in</strong></span> <span class='ocrx_word' id='word_1_144' title='bbox 907 2418 1052 2501; x_wconf 67' lang='lat' dir='ltr'><strong>gretiam.</strong></span> <span class='ocrx_word' id='word_1_145' title='bbox 1079 2418 1140 2482; x_wconf 75' lang='grc' dir='ltr'><strong>ΡΑ.</strong></span> <span class='ocrx_word' id='word_1_146' title='bbox 1153 2435 1180 2477; x_wconf 81' lang='grc'><strong>11</strong></span> 
     </span>
     <span class='ocr_line' id='line_1_25' title="bbox 595 2507 939 2596; baseline 0.003 -23"><span class='ocrx_word' id='word_1_147' title='bbox 595 2507 627 2574; x_wconf 95' lang='grc' dir='ltr'>Ο</span> <span class='ocrx_word' id='word_1_148' title='bbox 645 2510 786 2594; x_wconf 85' lang='lat' dir='ltr'><strong>iepiddm</strong></span> <span class='ocrx_word' id='word_1_149' title='bbox 803 2510 939 2596; x_wconf 75' lang='lat' dir='ltr'><strong>patrem?</strong></span> 
     </span>
     <span class='ocr_line' id='line_1_26' title="bbox 254 2603 1139 2690; baseline 0 -20"><span class='ocrx_word' id='word_1_150' title='bbox 254 2605 306 2671; x_wconf 91' lang='lat' dir='ltr'><strong>De</strong></span> <span class='ocrx_word' id='word_1_151' title='bbox 320 2607 429 2682; x_wconf 78' lang='lat' dir='ltr'><strong>uxore,</strong></span> <span class='ocrx_word' id='word_1_152' title='bbox 447 2605 492 2669; x_wconf 81' lang='lat' dir='ltr'><strong>ite</strong></span> <span class='ocrx_word' id='word_1_153' title='bbox 505 2615 540 2668; x_wconf 89' lang='lat' dir='ltr'><strong>ut</strong></span> <span class='ocrx_word' id='word_1_154' title='bbox 553 2605 690 2690; x_wconf 79' lang='lat' dir='ltr'><strong>possedi,</strong></span> <span class='ocrx_word' id='word_1_155' title='bbox 705 2604 749 2669; x_wconf 89' lang='lat' dir='ltr'><strong>nii</strong></span> <span class='ocrx_word' id='word_1_156' title='bbox 763 2607 865 2668; x_wconf 70' lang='lat' dir='ltr'><strong>mutet</strong></span> <span class='ocrx_word' id='word_1_157' title='bbox 879 2603 1052 2670; x_wconf 78' lang='lat' dir='ltr'><strong>Chremes?</strong></span> <span class='ocrx_word' id='word_1_158' title='bbox 1079 2604 1139 2670; x_wconf 79' lang='lat' dir='ltr'><strong>CH.</strong></span> 
     </span>
     <span class='ocr_line' id='line_1_27' title="bbox 596 2696 893 2784; baseline -0.007 -21"><span class='ocrx_word' id='word_1_159' title='bbox 596 2696 703 2764; x_wconf 85' lang='lat' dir='ltr'><strong>Causa</strong></span> <span class='ocrx_word' id='word_1_160' title='bbox 721 2700 893 2784; x_wconf 70' lang='lat' dir='ltr'><strong>optumasu</strong></span> 
     </span>
     <span class='ocr_line' id='line_1_28' title="bbox 101 2792 1141 2879; baseline 0.001 -20"><span class='ocrx_word' id='word_1_161' title='bbox 101 2818 153 2873; x_wconf 80' lang='lat'><strong>950</strong></span> <span class='ocrx_word' id='word_1_162' title='bbox 254 2794 324 2859; x_wconf 86' lang='lat' dir='ltr'><strong>Nisi</strong></span> <span class='ocrx_word' id='word_1_163' title='bbox 346 2793 424 2876; x_wconf 94' lang='lat' dir='ltr'><strong>quid</strong></span> <span class='ocrx_word' id='word_1_164' title='bbox 448 2805 538 2879; x_wconf 84' lang='lat' dir='ltr'><strong>pater</strong></span> <span class='ocrx_word' id='word_1_165' title='bbox 559 2802 604 2857; x_wconf 82' lang='lat' dir='ltr'><strong>eit</strong></span> <span class='ocrx_word' id='word_1_166' title='bbox 625 2793 721 2858; x_wconf 71' lang='lat' dir='ltr'><strong>eliud.</strong></span> <span class='ocrx_word' id='word_1_167' title='bbox 764 2793 824 2857; x_wconf 73' lang='lat' dir='ltr'><strong>Pr.</strong></span> <span class='ocrx_word' id='word_1_168' title='bbox 851 2792 975 2877; x_wconf 87' lang='lat' dir='ltr'><strong>Nempe</strong></span> <span class='ocrx_word' id='word_1_169' title='bbox 998 2794 1050 2859; x_wconf 87' lang='lat' dir='ltr'><strong>id?</strong></span> <span class='ocrx_word' id='word_1_170' title='bbox 1094 2793 1141 2860; x_wconf 89' lang='grc'><strong>81.</strong></span> 
     </span>
     <span class='ocr_line' id='line_1_29' title="bbox 594 2885 1141 2974; baseline 0 -20"><span class='ocrx_word' id='word_1_171' title='bbox 594 2886 732 2954; x_wconf 82' lang='lat' dir='ltr'><strong>Scilicet.</strong></span> <span class='ocrx_word' id='word_1_172' title='bbox 753 2885 1141 2974; x_wconf 73' lang='lat' dir='ltr'><strong>Cu.Dos,P2imphile,est</strong></span> 
     </span>
     <span class='ocr_line' id='line_1_30' title="bbox 254 2979 1141 3068; baseline 0.001 -21"><span class='ocrx_word' id='word_1_173' title='bbox 254 2982 377 3048; x_wconf 76' lang='lat' dir='ltr'><strong>Decem</strong></span> <span class='ocrx_word' id='word_1_174' title='bbox 399 2982 527 3048; x_wconf 84' lang='lat' dir='ltr'><strong>talenta.</strong></span> <span class='ocrx_word' id='word_1_175' title='bbox 571 2981 631 3047; x_wconf 70' lang='lat' dir='ltr'><strong>Pr.</strong></span> <span class='ocrx_word' id='word_1_176' title='bbox 658 2981 802 3068; x_wconf 88' lang='lat' dir='ltr'><strong>Accipio.</strong></span> <span class='ocrx_word' id='word_1_177' title='bbox 848 2979 908 3046; x_wconf 84' lang='lat' dir='ltr'><strong>Cu.</strong></span> <span class='ocrx_word' id='word_1_178' title='bbox 934 2981 1077 3068; x_wconf 88' lang='lat' dir='ltr'><strong>Propero</strong></span> <span class='ocrx_word' id='word_1_179' title='bbox 1099 2984 1141 3048; x_wconf 84' lang='lat' dir='ltr'><strong>ad</strong></span> 
     </span>
     <span class='ocr_line' id='line_1_31' title="bbox 595 3074 1085 3156; baseline 0 -14"><span class='ocrx_word' id='word_1_180' title='bbox 595 3078 702 3142; x_wconf 84' lang='lat' dir='ltr'><strong>filiam.</strong></span> <span class='ocrx_word' id='word_1_181' title='bbox 748 3076 808 3141; x_wconf 90' lang='lat' dir='ltr'><strong>eho</strong></span> <span class='ocrx_word' id='word_1_182' title='bbox 824 3076 960 3152; x_wconf 82' lang='lat' dir='ltr'><strong>meodm,</strong></span> <span class='ocrx_word' id='word_1_183' title='bbox 980 3074 1085 3156; x_wconf 86' lang='lat' dir='ltr'><strong>Crito;</strong></span> 
     </span>
     <span class='ocr_line' id='line_1_32' title="bbox 253 3168 1141 3251; baseline -0.001 -13"><span class='ocrx_word' id='word_1_184' title='bbox 253 3173 337 3240; x_wconf 84' lang='lat' dir='ltr'><strong>Num</strong></span> <span class='ocrx_word' id='word_1_185' title='bbox 354 3173 442 3238; x_wconf 68' lang='lat' dir='ltr'><strong>illem</strong></span> <span class='ocrx_word' id='word_1_186' title='bbox 454 3195 506 3237; x_wconf 91' lang='lat' dir='ltr'><strong>me</strong></span> <span class='ocrx_word' id='word_1_187' title='bbox 521 3172 614 3237; x_wconf 90' lang='lat' dir='ltr'><strong>oredo</strong></span> <span class='ocrx_word' id='word_1_188' title='bbox 632 3171 717 3235; x_wconf 86' lang='lat' dir='ltr'><strong>haud</strong></span> <span class='ocrx_word' id='word_1_189' title='bbox 735 3173 838 3235; x_wconf 82' lang='lat' dir='ltr'><strong>nosse.</strong></span> <span class='ocrx_word' id='word_1_190' title='bbox 852 3209 896 3220; x_wconf 93' lang='lat'>—</span> <span class='ocrx_word' id='word_1_191' title='bbox 911 3168 956 3234; x_wconf 91' lang='grc'><strong>81.</strong></span> <span class='ocrx_word' id='word_1_192' title='bbox 972 3169 1064 3251; x_wconf 90' lang='lat' dir='ltr'><strong>Quor</strong></span> <span class='ocrx_word' id='word_1_193' title='bbox 1076 3193 1141 3237; x_wconf 92' lang='lat' dir='ltr'><strong>non</strong></span> 
     </span>
     <span class='ocr_line' id='line_1_33' title="bbox 594 3264 1068 3330; baseline 0.002 -1"><span class='ocrx_word' id='word_1_194' title='bbox 594 3266 680 3330; x_wconf 90' lang='lat' dir='ltr'><strong>illam</strong></span> <span class='ocrx_word' id='word_1_195' title='bbox 698 3264 761 3329; x_wconf 91' lang='lat' dir='ltr'><strong>huo</strong></span> <span class='ocrx_word' id='word_1_196' title='bbox 778 3265 941 3329; x_wconf 85' lang='lat' dir='ltr'><strong>transferri</strong></span> <span class='ocrx_word' id='word_1_197' title='bbox 958 3264 1068 3330; x_wconf 86' lang='lat' dir='ltr'><strong>iubes?</strong></span> 
     </span>
     <span class='ocr_line' id='line_1_34' title="bbox 169 3357 1180 3447; baseline -0.005 -21"><span class='ocrx_word' id='word_1_198' title='bbox 169 3362 230 3426; x_wconf 67' lang='lat' dir='ltr'><strong>Pu.</strong></span> <span class='ocrx_word' id='word_1_199' title='bbox 257 3360 356 3425; x_wconf 86' lang='lat' dir='ltr'><strong>Recte</strong></span> <span class='ocrx_word' id='word_1_200' title='bbox 369 3361 535 3424; x_wconf 72' lang='lat' dir='ltr'><strong>idmones:</strong></span> <span class='ocrx_word' id='word_1_201' title='bbox 553 3357 649 3423; x_wconf 87' lang='lat' dir='ltr'><strong>Dauo</strong></span> <span class='ocrx_word' id='word_1_202' title='bbox 663 3360 724 3444; x_wconf 74' lang='lat' dir='ltr'><strong>eigo</strong></span> <span class='ocrx_word' id='word_1_203' title='bbox 733 3359 816 3422; x_wconf 89' lang='lat' dir='ltr'><strong>istuc</strong></span> <span class='ocrx_word' id='word_1_204' title='bbox 826 3357 938 3424; x_wconf 88' lang='lat' dir='ltr'><strong>dedam</strong></span> <span class='ocrx_word' id='word_1_205' title='bbox 949 3358 1012 3422; x_wconf 74' lang='lat' dir='ltr'><strong>idm</strong></span> <span class='ocrx_word' id='word_1_206' title='bbox 1021 3360 1136 3447; x_wconf 80' lang='lat' dir='ltr'><strong>negoti.</strong></span> <span class='ocrx_word' id='word_1_207' title='bbox 1154 3379 1180 3421; x_wconf 80' lang='lat' dir='ltr'><strong>oo</strong></span> 
     </span>
     <span class='ocr_line' id='line_1_35' title="bbox 596 3451 871 3538; baseline 0.004 -22"><span class='ocrx_word' id='word_1_208' title='bbox 596 3451 640 3516; x_wconf 86' lang='grc'><strong>81.</strong></span> <span class='ocrx_word' id='word_1_209' title='bbox 667 3452 741 3518; x_wconf 78' lang='lat' dir='ltr'><strong>Non</strong></span> <span class='ocrx_word' id='word_1_210' title='bbox 758 3463 871 3538; x_wconf 87' lang='lat' dir='ltr'><strong>potest.</strong></span> 
     </span>
     <span class='ocr_line' id='line_1_36' title="bbox 170 3546 1147 3632; baseline 0.001 -18"><span class='ocrx_word' id='word_1_211' title='bbox 170 3550 230 3615; x_wconf 78' lang='grc' dir='ltr'><strong>ΡΑ.</strong></span> <span class='ocrx_word' id='word_1_212' title='bbox 258 3547 343 3632; x_wconf 85' lang='lat' dir='ltr'><strong>Qui?</strong></span> <span class='ocrx_word' id='word_1_213' title='bbox 370 3547 415 3614; x_wconf 90' lang='grc'><strong>81.</strong></span> <span class='ocrx_word' id='word_1_214' title='bbox 435 3546 520 3629; x_wconf 84' lang='lat' dir='ltr'><strong>Quia</strong></span> <span class='ocrx_word' id='word_1_215' title='bbox 533 3546 629 3612; x_wconf 87' lang='lat' dir='ltr'><strong>habet</strong></span> <span class='ocrx_word' id='word_1_216' title='bbox 644 3546 729 3612; x_wconf 83' lang='lat' dir='ltr'><strong>aliud</strong></span> <span class='ocrx_word' id='word_1_217' title='bbox 742 3547 844 3632; x_wconf 62' lang='lat' dir='ltr'><strong>megis</strong></span> <span class='ocrx_word' id='word_1_218' title='bbox 860 3570 900 3612; x_wconf 89' lang='lat' dir='ltr'><strong>ex</strong></span> <span class='ocrx_word' id='word_1_219' title='bbox 914 3569 982 3613; x_wconf 86' lang='lat' dir='ltr'><strong>sese</strong></span> <span class='ocrx_word' id='word_1_220' title='bbox 997 3557 1028 3613; x_wconf 92' lang='lat' dir='ltr'><strong>et</strong></span> <span class='ocrx_word' id='word_1_221' title='bbox 1036 3548 1147 3615; x_wconf 69' lang='lat' dir='ltr'><strong>mitius.</strong></span> 
     </span>
     <span class='ocr_line' id='line_1_37' title="bbox 592 3641 1139 3724; baseline 0.004 -18"><span class='ocrx_word' id='word_1_222' title='bbox 592 3641 653 3706; x_wconf 79' lang='grc' dir='ltr'><strong>ΡΑ.</strong></span> <span class='ocrx_word' id='word_1_223' title='bbox 669 3641 862 3724; x_wconf 88' lang='lat' dir='ltr'><strong>Quidnam?</strong></span> <span class='ocrx_word' id='word_1_224' title='bbox 881 3641 926 3706; x_wconf 89' lang='grc'><strong>81.</strong></span> <span class='ocrx_word' id='word_1_225' title='bbox 936 3642 1071 3707; x_wconf 83' lang='lat' dir='ltr'><strong>Vinctus</strong></span> <span class='ocrx_word' id='word_1_226' title='bbox 1081 3658 1139 3708; x_wconf 85' lang='lat' dir='ltr'><strong>est.</strong></span> 
     </span>
     <span class='ocr_line' id='line_1_38' title="bbox 102 3733 1138 3815; baseline 0 -13"><span class='ocrx_word' id='word_1_227' title='bbox 102 3758 153 3813; x_wconf 74' lang='lat'><strong>955</strong></span> <span class='ocrx_word' id='word_1_228' title='bbox 171 3740 229 3802; x_wconf 73' lang='lat' dir='ltr'><strong>Pu.</strong></span> <span class='ocrx_word' id='word_1_229' title='bbox 255 3738 363 3815; x_wconf 75' lang='lat' dir='ltr'><strong>Pater,</strong></span> <span class='ocrx_word' id='word_1_230' title='bbox 389 3757 453 3801; x_wconf 89' lang='lat' dir='ltr'><strong>non</strong></span> <span class='ocrx_word' id='word_1_231' title='bbox 479 3748 563 3802; x_wconf 88' lang='lat' dir='ltr'><strong>reete</strong></span> <span class='ocrx_word' id='word_1_232' title='bbox 589 3739 737 3801; x_wconf 84' lang='lat' dir='ltr'><strong>uiuotust.</strong></span> <span class='ocrx_word' id='word_1_233' title='bbox 782 3733 827 3802; x_wconf 88' lang='grc'><strong>81.</strong></span> <span class='ocrx_word' id='word_1_234' title='bbox 859 3735 958 3800; x_wconf 81' lang='lat' dir='ltr'><strong>Haud</strong></span> <span class='ocrx_word' id='word_1_235' title='bbox 982 3736 1027 3801; x_wconf 85' lang='lat' dir='ltr'><strong>ita</strong></span> <span class='ocrx_word' id='word_1_236' title='bbox 1052 3737 1138 3803; x_wconf 85' lang='lat' dir='ltr'><strong>idssi.</strong></span> 
     </span>
     <span class='ocr_line' id='line_1_39' title="bbox 591 3830 1029 3906; baseline 0.002 -11"><span class='ocrx_word' id='word_1_237' title='bbox 591 3830 651 3895; x_wconf 77' lang='grc' dir='ltr'><strong>ΡΑ.</strong></span> <span class='ocrx_word' id='word_1_238' title='bbox 679 3831 760 3896; x_wconf 92' lang='lat' dir='ltr'><strong>Iube</strong></span> <span class='ocrx_word' id='word_1_239' title='bbox 778 3830 868 3906; x_wconf 92' lang='lat' dir='ltr'><strong>solui,</strong></span> <span class='ocrx_word' id='word_1_240' title='bbox 888 3832 1029 3896; x_wconf 82' lang='lat' dir='ltr'><strong>obsecro.</strong></span> 
     </span>
    </p>
   </div>
   <div class='ocr_carea' id='block_1_3' title="bbox 171 3922 1138 4102">
    <p class='ocr_par' dir='ltr' id='par_1_3' title="bbox 171 3922 1138 4102">
     <span class='ocr_line' id='line_1_40' title="bbox 171 3922 1138 4009; baseline -0.001 -18"><span class='ocrx_word' id='word_1_241' title='bbox 171 3924 217 3991; x_wconf 85' lang='grc'><strong>81.</strong></span> <span class='ocrx_word' id='word_1_242' title='bbox 253 3926 327 4009; x_wconf 85' lang='lat' dir='ltr'><strong>Age</strong></span> <span class='ocrx_word' id='word_1_243' title='bbox 343 3923 409 3988; x_wconf 86' lang='lat' dir='ltr'><strong>fiat.</strong></span> <span class='ocrx_word' id='word_1_244' title='bbox 444 3922 506 3987; x_wconf 70' lang='lat' dir='ltr'><strong>Pu.</strong></span> <span class='ocrx_word' id='word_1_245' title='bbox 530 3925 576 3989; x_wconf 86' lang='lat' dir='ltr'><strong>At</strong></span> <span class='ocrx_word' id='word_1_246' title='bbox 593 3925 726 3990; x_wconf 83' lang='lat' dir='ltr'><strong>matdra.</strong></span> <span class='ocrx_word' id='word_1_247' title='bbox 763 3923 808 3989; x_wconf 90' lang='grc'><strong>81.</strong></span> <span class='ocrx_word' id='word_1_248' title='bbox 831 3923 992 3990; x_wconf 60' lang='grc'><strong>1110111110.</strong></span> <span class='ocrx_word' id='word_1_249' title='bbox 1026 3923 1138 3990; x_wconf 75' lang='lat' dir='ltr'><strong>Pn.0</strong></span> 
     </span>
     <span class='ocr_line' id='line_1_41' title="bbox 473 4017 1040 4102; baseline 0 -18"><span class='ocrx_word' id='word_1_250' title='bbox 473 4068 476 4074; x_wconf 32' lang='lat'><strong>⁴</strong></span> <span class='ocrx_word' id='word_1_251' title='bbox 593 4018 732 4102; x_wconf 81' lang='lat' dir='ltr'><strong>iadstum</strong></span> <span class='ocrx_word' id='word_1_252' title='bbox 750 4029 782 4084; x_wconf 84' lang='lat' dir='ltr'><strong>et</strong></span> <span class='ocrx_word' id='word_1_253' title='bbox 799 4017 923 4084; x_wconf 74' lang='lat' dir='ltr'><strong>felicem</strong></span> <span class='ocrx_word' id='word_1_254' title='bbox 942 4019 1040 4084; x_wconf 78' lang='lat' dir='ltr'><strong>diem?</strong></span> 
     </span>
    </p>
   </div>
   <div class='ocr_carea' id='block_1_4' title="bbox 0 0 1309 4432">
    <p class='ocr_par' dir='ltr' id='par_1_4' title="bbox 0 0 1309 4432">
     <span class='ocr_line' id='line_1_42' title="bbox 0 0 1309 4432; baseline 0 0"><span class='ocrx_word' id='word_1_255' title='bbox 0 0 1309 4432; x_wconf 95' lang='lat' dir='ltr'><strong> </strong></span> 
     </span>
    </p>
   </div>
  </div>
 </body>
</html>
