2602 4432
102 232 169 306 11‚1
564 231 715 292 A‘Nnnln
1079 215 1121 285 21

155 353 216 423 On.
238 352 471 443 Hdne'ipsu'm
500 354 613 431 orabo,
642 354 717 422 huie
746 355 947 443 sdpplioebo,
981 353 1122 421 amdrem

578 448 652 514 huio
668 450 804 517 nerrabd
821 473 942 516 meum:

240 542 346 610 Credo
360 543 548 631 impetrabo,
565 555 601 608 ut
613 543 741 627 dliquod
755 545 867 610 saltem
880 543 997 630 ndptiie
1010 542 1122 630 prodit

124 674 127 679 ·
579 637 661 703 dies:

238 732 365 798 Interea
388 732 444 799 flet
464 731 598 817 dliquid,
621 752 724 818 spero.
758 732 819 797 Bn.
846 731 887 797 Id
908 730 1054 816 ‘diiquid’
1077 730 1122 795 nil

578 836 636 891 est.
673 823 732 890 On.
751 825 876 911 Byrria,

113 938 141 981 1⁵
239 919 328 1003 Quid
344 917 402 986 tibi
420 918 564 986 uidetur?
585 918 687 985 ddeon
705 919 747 984 ad
764 920 857 985 eum?
882 920 942 985 ΒΥ.
966 917 1054 1002 Quid
1071 917 1122 983 ni?
1139 928 1191 984 315

578 1015 606 1079 ei
622 1014 666 1080 nil
682 1016 842 1100 impetres,

239 1110 284 1176 Vt
301 1121 333 1174 te
350 1107 520 1174 arbitretur
537 1107 597 1173 sibi
618 1119 765 1195 paratum
786 1106 964 1185 moechum,
987 1106 1014 1172 si
1034 1106 1122 1173 illam

580 1202 714 1267 dixerit.
931 1264 934 1269 .

153 1294 214 1364 Cn.
236 1278 325 1362 Abin
346 1296 420 1362 hino
445 1296 479 1362 in
501 1296 627 1360 malim·
642 1319 710 1362 rem
735 1318 808 1361 oum
829 1295 1007 1382 suspicione
1032 1295 1122 1373 istnc,

578 1390 699 1455 scelus?

153 1484 213 1550 ΡΑ.
237 1482 414 1550 Chednum
430 1483 534 1549 uideo.
558 1485 656 1551 sdlue.
688 1481 748 1549 On.
772 1482 921 1560 Oenlue,
940 1483 1123 1569 Pdmphile:

238 1559 294 1643 Ad
312 1589 343 1644 te
360 1578 496 1643 aduenio
518 1577 608 1663 opem
629 1578 763 1643 salutem
784 1577 935 1642 auxilium
959 1578 1123 1643 consilium

579 1671 619 1736 dx
642 1682 741 1737 etens.

113 1784 142 1824 eo
153 1764 213 1830 Pe.
237 1765 350 1850 Neque
367 1767 421 1852 pol
435 1766 545 1831 consili
561 1694 667 1831 lomim
680 1765 782 1832 habeo
799 1755 902 1848 ndque
916 1764 957 1829 ad
971 1766 1123 1830 auxilium
1140 1777 1192 1832 320

580 1858 713 1945 cdpiam.

240 1951 306 2019 de
323 1954 405 2018 intuo
422 1953 498 2038 quid
515 1953 639 2018 namot?
668 1951 728 2018 On.
747 1952 853 2019 Hddie
871 1974 1002 2018 uxorem
1016 1953 1124 2018 dieis?

577 2047 636 2112 ΡΑ.
659 2047 772 2111 Aiunt.
799 2043 859 2111 Cn.
881 2045 1061 2133 Pdmphile

241 2138 278 2206 Si
294 2140 328 2205 id
340 2140 430 2218 faeie,
447 2139 542 2206 hodie
554 2152 748 2227 postremum
761 2139 812 2207 me
826 2140 925 2205 uides.
952 2140 1012 2206 ΡΑ.
1036 2140 1124 2225 Quid

577 2235 641 2299 ite?
668 2232 729 2299 Cn.
752 2233 794 2299 Ei
811 2233 899 2311 mihi,

238 2327 360 2395 Vereor
377 2326 495 2395 dicere:
518 2328 592 2394 huin
609 2328 660 2394 dio
673 2350 801 2413 quaeso,
819 2328 942 2414 Byrria.
968 2329 1029 2393 Bn.
1050 2325 1124 2415 Ego

579 2422 692 2488 dicim.
727 2422 788 2487 ΡΔ.
811 2420 899 2503 Quid
917 2422 983 2487 est?

154 2516 215 2583 ΒΥ.
238 2514 396 2602 Spdnsam
411 2514 462 2582 hie
476 2526 563 2580 tuam
573 2527 668 2581 emat.
686 2515 746 2581 ΡΑ.
764 2516 814 2581 Ne
827 2516 886 2581 iste
899 2515 986 2581 haud
998 2539 1124 2582 mecum

579 2610 683 2675 sentit.
711 2609 771 2675 eho
789 2609 866 2674 dum
883 2610 934 2676 dio
951 2610 1042 2675 mihi:

114 2721 143 2763 2⁵
239 2703 324 2769 Nom
334 2703 412 2788 quid
424 2727 497 2768 nam
512 2704 646 2790 amplinie
661 2704 718 2769 tibi
733 2726 804 2769 cum
819 2704 873 2768 illa
885 2703 956 2782 fun,
967 2703 1125 2771 Charine?
1141 2709 1193 2764 325

582 2796 641 2863 Cn.
664 2798 731 2875 Ah,
747 2798 925 2884 Pdmphile,

240 2891 303 2956 Nil.
330 2890 390 2956 ΡΑ.
414 2889 521 2972 Quam
540 2891 669 2956 uellemi
703 2889 762 2959 Cn.
785 2892 879 2957 Nilne
896 2902 927 2958 te
943 2914 1001 2979 per
1017 2892 1125 2958 amici-

579 2986 655 3050 tiam
674 2996 706 3051 et
722 3009 780 3071 per
796 3007 936 3051 amorem
953 2986 1094 3064 dbseoro,

197 3165 199 3170 ,
240 3078 401 3164 Principio
414 3089 450 3142 ut
463 3101 504 3144 ne
514 3078 620 3146 dieas.
639 3080 698 3144 ΡΑ.
717 3078 813 3144 Dabo
826 3080 971 3164 equidem
985 3081 1123 3166 dperam.

581 3171 641 3241 Cn.
665 3173 732 3239 Sed
749 3174 776 3237 si
792 3173 825 3238 id
842 3174 907 3239 ndn
923 3186 1027 3260 potest
1069 3223 1071 3228 Α

242 3266 309 3331 Ant
327 3267 385 3332 tibi
402 3266 531 3353 nuptiae
548 3266 624 3332 haee
641 3277 714 3332 eunt
728 3267 825 3345 cordi,
844 3268 903 3332 ΡΑ.
923 3265 1041 3333 Cordi?
1063 3266 1122 3333 Cn.

580 3362 691 3426 saltem
709 3360 839 3445 aliqudd
856 3361 922 3427 dies

240 3454 364 3532 Prdfer,
391 3455 468 3518 dum
489 3456 669 3540 proficIsoor
690 3455 808 3539 aliqu0‚
830 3454 870 3520 nd
891 3455 1028 3521 uideam.
1063 3455 1122 3522 ΡΔ.

571 3548 659 3613 Audi
677 3549 838 3615 nilnoiam:

240 3624 328 3726 ligo,
356 3638 510 3719 Charine,
536 3665 576 3707 ne
602 3643 746 3727 itiquam
773 3644 913 3708 officium
937 3643 1029 3709 liberi
1055 3667 1123 3709 esse
1140 3661 1191 3715 330

579 3737 713 3801 hominis
731 3749 819 3823 pute,

241 3826 349 3909 Quom
365 3829 392 3893 is
415 3828 459 3893 nil
480 3830 790 3986 mereanbpdstulnre
811 3832 843 3897 id
864 3831 985 3920 gritiae
1007 3831 1123 3918 adponi

579 3946 606 3988 e1
628 3947 649 3988 1.

241 4016 377 4110 Nipties
395 4017 536 4110 effligere
553 4039 614 4111 ego
630 4017 707 4087 istas
720 4017 804 4125 milo
817 4041 914 4110 quam
927 4029 962 4085 tu
980 4020 1121 4112 apiseier..
