2602 4432
172 222 236 292 272
549 238 758 299 ADELPHOE
1129 234 1199 315 Μ

257 363 297 428 Id
314 364 354 429 de
371 364 459 431 lucro
476 367 587 452 putdto
605 388 674 431 esse
691 387 794 432 omne.
829 364 908 432 huso
925 367 954 431 sl
970 365 1060 432 uoles

256 459 296 523 In
314 460 420 524 inimo
438 482 513 524 uere
531 459 680 544 cogitare,
698 459 833 538 Demea,

258 552 301 617 Et
318 555 363 618 mi
380 555 412 618 ot
425 553 487 618 'tibi
505 564 537 619 et
553 554 615 619 illis
633 554 806 640 dempseris
824 554 1010 619 molestiam.

80 714 82 718 7
103 652 155 706 820
172 645 234 710 ΒΕ.
255 646 350 712 Mitto
359 648 711 713 rem:oonsuetddincm
720 648 922 714 embonim..
949 649 1009 713 M1.
1024 648 1143 714 Mane:

256 739 347 806 Scio:
365 743 447 807 istuc
464 741 560 808 ibam.
595 741 695 806 mdlta
711 743 745 807 in
763 742 899 820 homine,
918 743 1053 819 Demea,
1156 758 1184 801 ³5

256 833 359 920 Signa
374 837 493 913 insunt,
512 859 551 901 ex
569 835 685 919 quibus
702 837 881 903 coniectura
898 837 990 902 sicile
1007 837 1054 914 fit,

256 929 333 994 Duo
351 931 445 1013 qudm
463 930 548 995 idem
565 930 697 1005 faciunt,
716 933 810 1017 saepe
827 942 864 995 ut
880 930 982 1016 possis
1000 931 1108 996 dicere

256 1024 345 1089 ‘Hoc
361 1023 436 1089 licet
452 1024 572 1109 inpune
588 1023 694 1089 fdcere
711 1025 795 1102 huic,
813 1025 858 1090 illi
875 1026 937 1090 ndn
954 1025 1052 1102 licet'‚

192 1146 197 1158 ·
256 1117 328 1182 Non
346 1119 408 1200 qud
426 1117 585 1182 dissimilis
603 1119 653 1182 rds
671 1118 721 1195 sit,
740 1119 797 1184 s'ed
814 1140 877 1202 quo
893 1120 921 1183 is
938 1121 994 1202 qui
1009 1119 1098 1183 facit.

256 1210 349 1290 Quae
367 1232 427 1297 ego
444 1211 548 1277 inesse
564 1212 598 1276 in
615 1211 677 1276 illis
695 1214 798 1290 uideo,
820 1223 857 1277 ut
874 1213 1032 1278 confiddm
1047 1212 1119 1277 fore
1154 1230 1183 1271 co

254 1304 305 1370 Ita
322 1317 358 1370 ut
375 1306 531 1371 uolumus.
566 1304 660 1371 uideo
678 1328 733 1372 eos
751 1309 872 1392 stipere,
893 1307 1087 1393 intellegere,
1106 1309 1141 1372 in

594 1399 664 1464 loco

254 1492 375 1570 Vereri,
393 1492 476 1557 inter
492 1515 527 1559 sc
544 1495 665 1558 umdre:
683 1493 768 1558 sciris
786 1494 921 1559 liberum

253 1585 424 1671 Ingenium
442 1597 536 1670 atque
554 1586 708 1651 animum:
726 1588 788 1670 qud
806 1587 855 1653 uis
873 1589 943 1652 illos
960 1588 996 1652 td
1012 1586 1063 1652 die

256 1680 435 1745 Reddiices.
471 1692 504 1744 at
522 1680 606 1745 enim
627 1682 760 1757 metuas,
778 1704 818 1747 ne
837 1682 878 1746 ab
895 1704 929 1746 re
947 1683 1009 1746 slnt
1026 1697 1135 1747 tamen
1212 1757 1215 1761 ,

255 1771 446 1839 Omissiores
464 1775 568 1858 patilo.
605 1787 748 1839 onostcr
764 1775 899 1852 Demea,
1149 1791 1178 1833 ὤ

253 1868 309 1932 Ad
326 1869 433 1933 dmnia
450 1870 512 1932 alia
529 1871 631 1934 aetdte
649 1868 788 1954 sapimus
806 1869 935 1946 rectius3

256 1961 370 2028 Solum
386 1964 486 2026 dnum
504 1963 564 2027 hoc
585 1962 699 2026 uitium
721 1962 823 2028 adfert
840 1973 985 2029 senectus
1003 1961 1139 2027 homini-

595 2056 669 2120 bus:

253 2150 458 2215 Adtentiorcs
476 2149 584 2214 sumus
603 2149 728 2213 adrem
746 2170 866 2225 omnes,
884 2150 980 2232 quim
998 2160 1047 2214 set
1064 2161 1128 2215 est:

254 2245 351 2326 Quod
381 2244 450 2309 illds
481 2255 530 2308 sat
560 2253 647 2308 actes
673 2245 775 2308 doust.
826 2242 890 2307 ΒΕ.
925 2243 973 2308 Ne
1002 2244 1138 2309 nimium

592 2337 686 2402 modo

254 2435 364 2500 Bonad
381 2446 455 2498 tuae
472 2433 552 2497 istae
569 2434 625 2497 nds
643 2432 789 2508 rationes,
807 2432 916 2508 Micio,
1150 2451 1176 2493 sc

253 2529 297 2594 Et
314 2530 385 2593 tdos
403 2527 461 2592 istc
479 2526 603 2591 animus
621 2528 739 2610 aequos
757 2526 929 2590 subuortdt.
957 2525 1014 2590 ΜΕ.
1032 2525 1136 2592 Tace:

252 2625 325 2688 Non
343 2623 408 2687 fieta
444 2620 533 2686 mitte
549 2621 614 2685 ium
629 2623 742 2697 istaec;
760 2620 802 2683 da
819 2631 851 2685 te
868 2620 961 2684 hodie
978 2620 1069 2685 mihi:

253 2718 402 2804 Expdrge
420 2716 566 2782 frontem.
609 2714 670 2779 ΒΕ.
694 2713 822 2780 Scilicet
837 2714 882 2778 ita
899 2717 1023 2800 tempus
1041 2717 1120 2783 fert:

254 2812 493 2876 Faciiindumst.
529 2820 669 2874 ceterum
686 2810 746 2894 ego
764 2830 817 2872 rus
835 2830 904 2873 cras
922 2831 995 2874 cum
1011 2809 1078 2874 filio

254 2902 338 2970 Cum
355 2906 456 2989 primo
474 2903 538 2969 luci
554 2902 608 2967 ibo
625 2902 708 2969 hinc.
743 2901 802 2968 ΜΕ.
825 2902 877 2968 De
894 2913 987 2969 nocte
1005 2904 1134 2970 censeo:
1148 2923 1174 2965 ss

253 2999 359 3063 Hodid
376 2999 470 3063 modo
489 2996 624 3062 hilarum
640 2996 692 3061 ido
710 3008 750 3062 te.
793 2995 856 3061 ΒΕ.
879 2995 922 3062 Et
939 2997 1033 3062 istam
1050 3000 1135 3083 psel-

593 3091 686 3156 triam

253 3184 327 3253 Vno
348 3186 423 3251 illuc
445 3206 571 3250 mecum
593 3183 667 3248 hinc
687 3182 878 3247 dbstrahcm.
921 3183 980 3248 Mn
1003 3183 1135 3269 Pugni-

590 3299 691 3342 ueris:

253 3371 302 3436 Εο
319 3373 412 3456 pdcto
429 3392 575 3455 prorsum
592 3371 639 3437 illi
656 3369 807 3456 sidligaris
824 3369 935 3434 filium.

252 3465 352 3530 Modo
378 3465 473 3529 incito
499 3476 535 3529 ut
563 3464 650 3530 illam
680 3465 799 3530 sdrues.
850 3462 914 3528 ΒΕ.
949 3463 1022 3549 Ego
1050 3464 1136 3533 istuc

145 3614 147 3618 ,
589 3559 709 3624 uidero.

251 3657 362 3734 Atque
378 3651 424 3715 lbi
441 3650 569 3717 fauillae
585 3652 689 3739 plens,
706 3651 787 3716 fumi
804 3673 842 3717 ac
858 3651 985 3738 pollinis
1147 3674 1173 3715 ec

252 3741 429 3828 Coquendo
446 3746 487 3810 sit
503 3746 578 3810 faxo
596 3748 628 3811 dt
644 3746 805 3824 molendo;
823 3749 948 3832 praeter
964 3747 1043 3812 haec

251 3837 387 3903 Meridie
404 3837 474 3924 ipso
492 3839 606 3905 fdciam
623 3850 660 3904 ut
677 3840 825 3926 stipulam
843 3841 983 3927 colligat:

250 3930 333 3997 Tam
359 3935 520 4000 excoctam
545 3935 676 4000 reddam
703 3947 798 4018 atque
822 3936 924 3999 citrum
945 3956 1040 4018 quam
1062 3956 1132 4000 cor-

588 4029 672 4099 bost,
711 4027 775 4093 Mn.
793 4028 920 4094 Placet:
1059 4062 1061 4066 ·
1163 4070 1168 4077 ·
