2602 4432
103 225 174 300 Prot.
188 228 254 299 1.'11
380 266 385 278 ·
554 236 712 296 HEOYRA

435 720 829 831 raoaoovstn

151 896 328 982 Hecyraist
345 893 420 960 huic
436 915 552 959 nomen
570 893 707 959 fabulae.
747 894 875 981 Hecyra
897 893 992 985 quom
1014 892 1117 957 datast

149 988 253 1075 Noua
271 1000 299 1062 ei
314 1018 432 1062 nouom
448 996 618 1079 interudnit
634 995 747 1061 uitium
765 1005 797 1060 et
814 994 985 1073 calamitas,

150 1100 196 1166 Vt
212 1101 316 1183 neque
334 1099 469 1184 spectari
486 1101 589 1182 ndque
607 1097 756 1184 cognosci
773 1097 924 1184 pdtuerit:
1056 1184 1058 1188 μ

118 1286 120 1291 Ι
149 1203 199 1277 Ita
216 1202 351 1288 pdpnlus
370 1201 474 1267 studio
493 1201 636 1287 stdpidus
653 1201 687 1266 in
704 1201 890 1265 funambulo

124 1293 304 1370 s'Anim'nm
322 1305 500 1390 occuparat
535 1305 620 1369 nino
637 1304 717 1369 haec
733 1304 858 1388 planest
874 1305 931 1389 prti
949 1324 1044 1379 noua,
1150 1298 1168 1354 5

148 1406 193 1472 Et
210 1409 238 1471 is
256 1405 311 1491 qui
328 1405 453 1492 scripsit
470 1406 553 1471 hanc
570 1407 612 1470 ob
630 1428 700 1471 eam
717 1428 785 1470 rem
801 1405 900 1470 ntiluit
998 1492 1000 1497 ,

148 1501 269 1575 Iterirm
286 1501 414 1586 referre,
432 1510 599 1575 utiterum
616 1519 723 1595 posset
740 1507 887 1573 uendere.

147 1609 168 1648 ff
294 1611 312 1647 1
440 1610 458 1646 1
586 1612 604 1647 1
731 1610 749 1646 1
877 1610 895 1645 1
923 1618 926 1622 ’

105 1715 133 1758 r·
149 1696 277 1762 Nouam
294 1697 363 1762 esse
380 1695 502 1761 ostendi
520 1706 552 1761 et
569 1718 651 1781 quae
668 1692 766 1761 esset:
783 1717 868 1762 nuno
885 1695 941 1780 qui
958 1692 1116 1780 scripserit
1143 1741 1146 1747 .

105 1800 134 1859 ti
151 1798 195 1864 Et
215 1799 309 1884 quoia
327 1797 452 1864 Graeca
469 1801 519 1876 sit,
536 1798 570 1862 ni
587 1809 708 1884 partem
726 1797 908 1863 maxumam

105 1920 132 1962 re
149 1901 387 1967 Existnmarem
404 1902 484 1966 seire
501 1912 654 1978 nostrum,
672 1901 706 1966 id
723 1902 869 1966 dicerem.

147 2005 165 2041 1
293 2003 311 2038 1
397 2040 399 2045 ,
439 2003 457 2039 1
585 2003 603 2038 1
730 2005 748 2041 1
876 2004 894 2040 1

121 2089 239 2155 aAiieis
257 2088 417 2175 cognostis
435 2088 517 2154 eius:
536 2110 654 2173 quaeso
671 2089 754 2155 hanc
770 2088 902 2155 ndsoite.

420 2324 834 2416 Paonoovsna

463 2479 498 2533 n.
515 2452 703 2536 nnssrvrvs

148 2591 266 2658 Orator
283 2594 324 2658 ad
341 2615 399 2658 uos
417 2593 511 2659 uenio
528 2604 642 2659 ornatu
658 2594 794 2682 prdlogit

147 2694 250 2762 Sinite
267 2697 413 2762 exorator
429 2695 500 2773 sim,
518 2696 630 2762 eddom
649 2707 684 2762 ut
700 2697 769 2762 iure
786 2698 833 2761 uti
851 2720 958 2763 senem
1131 2701 1165 2757 10

128 2827 130 2831 ·
147 2797 270 2876 Liceat,
288 2820 351 2882 quo
368 2798 437 2864 iure
455 2821 527 2863 sum
543 2800 620 2864 risus
637 2799 878 2877 adulescentior,
1131 2814 1133 2817 ’

146 2901 254 2966 Nouis
272 2900 327 2984 qui
345 2911 472 2966 exactas
490 2900 552 2967 feci
569 2913 606 2967 ut
621 2902 897 2981 inueterdscerent,

121 3003 197 3069 sNe
214 3003 287 3069 ciun
304 3009 399 3088 podia
416 3005 571 3089 scriptura
589 3007 800 3070 euanesceret.
897 3000 900 3005 ’

145 3107 184 3170 Iu
202 3106 258 3183 eis,
276 3127 355 3190 quas
373 3105 509 3190 primum
529 3103 649 3171 Caecili
667 3107 762 3172 didici
779 3129 890 3185 nouas,

144 3209 265 3272 Partim
283 3230 354 3272 sum
372 3230 481 3272 earum
499 3210 639 3286 exactus,
656 3210 771 3294 partim
788 3209 843 3274 uix
861 3209 942 3275 steti.
1130 3216 1164 3275 15

146 3309 231 3391 Quia
248 3311 367 3375 scibam
386 3310 515 3375 dubiam
532 3311 691 3376 fdrtunam
708 3334 778 3378 esse
795 3312 983 3390 scadnioam,

147 3411 212 3498 Spe
229 3411 349 3476 inodrta
366 3422 486 3477 certum
504 3411 581 3476 mihi
598 3414 739 3479 laborem
756 3415 877 3493 aistuli,

107 3533 132 3574 ro
144 3513 284 3579 Easdem
301 3517 396 3600 agere
415 3515 514 3600 coepi,
533 3526 569 3579 ut
586 3515 627 3579 ab
645 3516 757 3582 eodem
774 3518 851 3584 alias
869 3519 1021 3584 discerem

144 3617 263 3693 Nonas,
281 3617 430 3694 studiose,
446 3618 487 3681 nd
504 3617 594 3682 illum
611 3618 653 3683 ab
670 3619 774 3684 studio
791 3620 991 3687 abdicarem.

145 3718 272 3783 Perfdoi
290 3729 325 3783 ut
342 3721 574 3805 spectarintur:
592 3720 648 3784 ubi
665 3732 739 3786 sunt
756 3722 910 3810 cognitae,
959 3775 961 3779 <
1128 3733 1162 3789 20

144 3819 285 3885 Placitae
303 3832 386 3885 sunt.
421 3821 466 3886 ita
482 3819 610 3906 podiam
628 3824 750 3889 restitui
765 3827 798 3888 in
815 3826 920 3891 locum

144 3921 251 4008 Prope
268 3923 331 3987 iam
348 3933 503 3988 remotum
521 3922 635 3989 iniriria
653 3926 869 3992 aduorsarinm

106 4042 132 4087 ss
144 4024 200 4092 Ab
218 4025 323 4092 stodio
341 4037 436 4114 atque
453 4026 494 4092 ab
512 4026 620 4095 labore
637 4039 735 4119 atque
752 4040 822 4097 arte
836 4031 979 4098 nasica„
