2602 4432
208 216 270 287 176
458 169 461 175 Ι
587 230 762 290 PHORMIO
1149 233 1231 305 1v‚3

288 355 372 421 Mihi
396 354 558 421 Phdrmio
594 351 654 420 Cn.
681 352 747 436 Qui
768 353 937 420 Phormio?
972 353 1033 420 Da.
1061 356 1096 421 Is
1120 357 1179 441 qui

629 448 741 514 istanc.
770 446 831 515 Cu.
859 447 945 514 Soio.

206 545 266 612 Gn.
291 545 435 612 Vistimst
452 543 506 620 mi,
524 543 646 608 ateius
664 544 851 629 temptarem
869 545 1067 610 sentdntiam.

137 645 188 701 620
290 639 417 706 Prendo
452 638 611 703 hominem
645 636 761 702 solum:
797 637 890 721 ‘qndr
919 638 996 703 non’
1031 639 1176 724 inquam,
1191 656 1217 699 rs

628 729 802 810 ‘Phormio

289 827 399 905 Vides,
416 826 499 892 inter
515 846 573 891 nos
591 825 636 890 sla
652 824 732 891 haeo
749 825 855 913 potius
873 827 947 892 edm
965 827 1050 894 bona

288 924 334 990 Vt
351 922 576 1007 componamus
594 919 698 1006 gratia
715 940 813 1003 quam
830 922 904 986 oiim
920 922 1024 988 mala?

289 1015 374 1080 Erus
391 1015 530 1082 liberalis
547 1015 596 1080 est
613 1024 645 1080 et
661 1013 803 1100 fugitans
819 1015 937 1094 litium3

287 1111 372 1176 Nam
390 1109 485 1175 ceteri
502 1107 632 1193 quidem
649 1107 755 1175 herede
765 1109 865 1175 amioi
883 1111 992 1176 omnes
1009 1110 1106 1176 modo

135 1209 187 1265 626
288 1203 363 1271 Vno
393 1204 447 1269 dre
477 1214 622 1269 auctores
652 1202 756 1282 fudre,
792 1215 828 1269 ut
857 1203 1062 1291 praeeipitem
1092 1204 1216 1270 honen

630 1296 741 1363 daret?

204 1394 266 1461 An.
288 1391 377 1473 Quid
393 1391 445 1458 hio
463 1393 589 1478 coeptat
606 1402 662 1455 aut
679 1412 743 1474 quo
761 1390 876 1458 euadat
888 1392 1002 1459 hodie?
1030 1391 1091 1457 Ga.
1108 1393 1176 1456 ‘An

629 1484 754 1570 legibus

288 1580 451 1645 Datdrum
467 1600 587 1665 poenas
606 1577 701 1657 dices,
720 1579 748 1644 si
764 1579 851 1644 illam
869 1578 1013 1645 eiecerit?

288 1675 358 1739 Iam
376 1674 410 1738 id
426 1672 668 1759 exploratumst:
687 1673 770 1751 heia,
788 1672 918 1738 sudabis
936 1673 1023 1751 satis,

289 1768 326 1835 Si
343 1791 416 1833 oum
432 1769 488 1832 fflo
503 1766 646 1852 inceptas
664 1766 803 1833 homine:
822 1790 861 1833 ea
878 1766 1096 1851 eloquentiast.

135 1877 187 1932 630
288 1863 409 1930 Verdm
427 1884 510 1948 pono
528 1883 598 1927 esse
615 1863 736 1927 uictum
754 1883 842 1939 eum3
865 1871 897 1926 at
914 1861 1042 1926 tandem
1059 1871 1168 1926 tamen
1189 1875 1217 1917 ’ὁ

287 1957 360 2022 Νοιι
378 1956 489 2042 eapitis
508 1956 605 2021 eires
622 1955 737 2040 agitur,
756 1955 812 2020 sed
829 1954 1002 2041 peodniae?

287 2052 462 2134 Postquam
479 2051 638 2115 hominem
655 2049 704 2115 his
722 2049 829 2115 uerbis
847 2049 948 2115 sentio
965 2048 1125 2125 mollirier,

289 2145 374 2212 ‘Soli
399 2168 508 2210 sumus
534 2167 619 2209 nuno
644 2143 710 2208 hio'
735 2146 880 2228 inquam:
908 2143 997 2221 ‘eho,
1019 2143 1070 2209 dio
1096 2142 1178 2227 quid

629 2239 678 2302 uis
695 2238 764 2303 dari

288 2334 364 2400 Tibi
380 2336 414 2398 in
431 2354 572 2409 manum,
590 2342 626 2396 ut
644 2354 717 2397 erus
735 2331 784 2396 his
802 2332 932 2398 desistat
949 2332 1066 2410 litibus,

135 2440 187 2494 635
290 2431 382 2495 Haeo
398 2428 472 2492 hine
489 2426 637 2502 facessat,
655 2427 691 2490 td
708 2427 859 2492 molestus
875 2429 917 2492 nd
934 2425 1028 2492 sies?
1189 2443 1218 2486 so

204 2525 265 2588 Aa.
289 2522 381 2589 Satin
396 2521 442 2587 illi
461 2520 493 2584 di
511 2530 586 2585 sunt
603 2519 747 2605 propitii?
791 2518 852 2586 Gn.
880 2521 976 2586 ‘Nam
994 2522 1043 2585 sat
1060 2517 1137 2597 seio,

289 2616 326 2682 Si
344 2627 379 2680 tu
396 2616 537 2699 aliquam
555 2624 678 2700 partem
695 2616 790 2698 aequi
806 2614 945 2698 bonique
961 2613 1089 2692 dixeris,

290 2711 335 2777 Vt
352 2721 399 2775 est
414 2711 468 2774 ille
487 2708 588 2772 bonus
606 2708 665 2783 uir,
683 2709 743 2774 tria
760 2730 823 2773 non
842 2708 1075 2772 commutabitis

289 2804 398 2871 Verba
414 2802 507 2868 hddie
524 2801 606 2866 inter
622 2801 702 2866 uos!
738 2801 801 2866 Da.
820 2801 902 2882 Quis
920 2813 951 2868 te
967 2802 1066 2866 istaec
1082 2800 1176 2865 iussit

628 2894 733 2978 loqui?

137 3005 189 3060 640
206 2991 267 3057 Cn.
294 2992 395 3056 Immd
412 3013 476 3055 non
494 2989 597 3076 potuit
614 2989 726 3053 melius
744 2989 937 3075 peruenirier
1188 3007 1215 3048 so

291 3085 341 3150 Eo
367 3087 430 3170 qud
451 3107 509 3149 nos
532 3084 690 3149 uolumus.
725 3063 943 3149 Andocidi!
978 3082 1041 3147 Da.
1068 3082 1174 3168 Perge

628 3177 744 3260 eloqui.

208 3273 268 3341 Ga.
292 3275 325 3339 A
337 3275 439 3359 primo
452 3271 546 3336 homo
561 3271 728 3338 insanibat.
752 3269 811 3336 Ca.
826 3268 916 3336 Cedo
930 3268 1007 3353 quid
1019 3268 1176 3354 postulat?

208 3367 269 3435 Gn.
293 3367 398 3448 Quid?
416 3366 548 3431 nimium
561 3379 724 3450 quantum.
756 3363 816 3431 On.
838 3361 1009 3446 Qudntum?
1026 3363 1087 3429 dio.
1119 3362 1182 3430 Gn.

632 3458 669 3526 Si
687 3462 757 3543 quis
775 3459 864 3524 daret

292 3555 463 3621 Taldntum
477 3577 638 3640 magnum.
674 3554 735 3618 Da.
755 3553 856 3618 Immd
870 3552 988 3616 malum
1001 3550 1120 3617 hercle:
1138 3563 1175 3617 ut

631 3649 676 3712 nfl
693 3646 805 3733 pudet}

87 3735 128 3814 )
140 3762 190 3818 646
208 3745 271 3813 Gn.
294 3744 392 3826 Quod
410 3743 475 3808 dixi
493 3742 572 3832 adeo
590 3751 633 3807 e'1':
653 3743 796 3826 ‘quaeso
815 3740 892 3824 quid
910 3740 937 3805 si
951 3739 1055 3832 *tiliam
1187 3757 1214 3800 o

294 3839 394 3906 Suam
412 3830 538 3902 dnioanr
556 3837 692 3901 locaret?
708 3835 800 3922 parui
817 3837 852 3900 re
869 3834 942 3899 tulit

291 3935 364 4000 Non
382 3931 572 4017 stiseepisse:
590 3930 750 3994 inuentast
766 3950 849 4013 quae
867 3928 972 3992 dotem
990 3924 1097 4012 petat.'

293 4031 338 4098 Vt
355 4028 396 4092 ad
414 4026 517 4113 panea
534 4024 661 4092 redeam
679 4046 716 4091 ao
734 4025 855 4088 mittam
873 4021 956 4086 illius
974 4021 1119 4107 ineptias,
