2602 4432
103 232 172 307 11‚e
489 238 493 245 ·
548 230 723 294 Pnosmo
1061 221 1125 290 165

154 359 215 424 Pn.
237 359 322 424 Nam
341 358 405 424 iam
427 359 622 424 edulesoenti
640 360 718 424 nihil
740 359 891 444 estquod
912 358 1124 438 suscenseam,

117 471 142 512 1⁵
241 452 277 520 Si
294 454 383 518 illum
400 455 505 520 minus
522 466 626 532 norat3
645 457 763 541 quippe
777 455 870 519 homo
884 456 946 519 iam
964 457 1124 542 grendior,

239 548 378 633 Pauper,
397 549 472 632 quoi
489 549 522 613 in
539 571 634 635 opere
652 551 718 614 uita
735 561 812 626 erut,
830 551 896 613 ruri
913 546 979 616 fefe

239 641 283 708 Se
301 643 495 720 centinebat3
513 643 558 707 ibi
575 666 688 730 agrum
706 644 745 708 de
762 645 869 708 nostre
885 655 974 729 petre

241 734 420 801 Colendum
438 737 586 802 habebat.
622 738 717 823 saepe
734 738 854 804 interea
870 739 948 802 mihi
966 761 1063 804 senex
1140 743 1192 797 365

238 829 272 895 N
272 831 397 895 emebat
414 854 448 896 se
466 831 551 896 hunc
567 831 733 916 neclegere
750 834 920 915 cognatdm
938 856 1042 897 suom:

115 943 141 984 so
239 926 285 988 At
303 926 398 1009 quem
415 924 534 990 uirum!
556 946 652 1010 quem
670 947 730 1012 ego
748 926 883 991 uiderim
899 928 933 992 in
949 927 1017 992 uita
1033 929 1124 1013 eptu-

578 1042 675 1084 mum.

155 1111 215 1180 Gn.
239 1113 358 1181 Videes
385 1123 431 1191 te,
463 1122 557 1197 atque
583 1115 673 1178 illum
701 1112 764 1201 [ut]
792 1114 915 1179 nemesi
959 1115 1018 1181 ΡΗ.
1047 1115 1064 1179 Ι
1089 1117 1123 1180 in

576 1208 692 1272 malem
710 1209 849 1274 crucem!

238 1300 322 1365 Nam
344 1300 377 1366 ni
399 1302 472 1367 eum
494 1325 563 1368 esse
585 1302 835 1380 existumessem,
862 1317 1036 1386 numquam
1058 1306 1123 1367 tem

617 1419 685 1461 aurs

238 1485 293 1554 Ob
320 1489 401 1555 hanc
426 1419 616 1554 inimicitiagsr
632 1493 778 1576 oeperem
804 1492 837 1555 in
864 1500 1005 1556 nostram
1031 1489 1123 1554 femi·
1140 1502 1192 1558 370

576 1585 662 1662 liam,

238 1677 346 1759 Quam
362 1676 389 1742 is
406 1680 593 1763 espemetur
609 1680 695 1765 nuno
712 1689 778 1742 tam
795 1678 1010 1743 inlibereliter.
1236 1687 1296 1750 V

114 1787 140 1830 ss
154 1769 215 1835 Gn.
238 1771 357 1856 Pergin
376 1793 429 1836 ero
446 1772 569 1837 absenti
587 1773 670 1837 mele
687 1771 785 1855 loqui,
803 1772 1034 1857 inpurissume?

152 1864 212 1929 ΡΗ.
235 1865 380 1952 Dignum
394 1866 500 1931 utitem
514 1866 575 1930 hoc
589 1866 682 1929 illost.
711 1865 772 1930 Gn.
789 1867 853 1930 Ain
867 1876 977 1941 tamen,
997 1865 1123 1931 carcer?

575 1959 637 2023 Dn.
657 1956 752 2023 Geta.

153 2049 214 2117 Gn.
238 2053 401 2117 Bonorum
420 2063 567 2127 extortor,
586 2053 693 2138 legum
712 2051 884 2117 contorter!
921 2052 984 2116 Dn.
1004 2051 1095 2118 Geta.

150 2144 211 2210 ΡΗ.
234 2147 414 2231 Respdnde.
453 2144 514 2212 Gn.
534 2145 616 2228 Quis
635 2147 779 2211 homost?
805 2146 907 2210 ehem.
943 2145 1006 2211 Du.
1025 2147 1120 2213 Tace.
1139 2158 1190 2214 375

578 2238 639 2306 Gn.
658 2241 794 2305 Absenti
811 2240 869 2304 tibi

238 2335 285 2400 Te
302 2336 449 2422 indignas
467 2355 564 2418 seque
582 2335 695 2421 dignes
714 2334 920 2399 contumelias

112 2446 138 2487 oo
235 2428 419 2511 Numquem
436 2429 573 2493 cessauit
591 2429 695 2494 dicere
712 2429 816 2493 hodie.
862 2427 923 2491 Dn.
943 2426 1073 2494 Desine.

234 2522 446 2600 Adulescens,
468 2523 605 2606 primum
624 2523 681 2587 abs
698 2533 730 2587 ts
747 2522 806 2587 hdo
823 2522 907 2586 bono
924 2522 1019 2586 ueniet
1036 2534 1120 2608 peto,

236 2614 273 2682 Si
292 2616 349 2680 tibi
367 2616 491 2701 placere
509 2616 592 2701 petis
611 2628 667 2694 est,
686 2616 729 2679 mi
747 2627 783 2680 ut
799 2616 1005 2701 respendeasz

237 2708 342 2791 Quem
369 2712 505 2775 amioum
532 2721 621 2774 tuom
647 2719 694 2774 a'is
719 2709 818 2775 fuisse
843 2710 950 2787 istum,
986 2710 1122 2796 explane.
1137 2721 1190 2777 380

573 2803 661 2880 mihi,

235 2898 279 2962 Et
297 2899 351 2981 qui
369 2905 539 2981 cognatum
556 2898 608 2961 me
626 2897 687 2961 sibi
705 2919 773 2963 esse
792 2896 918 2963 diceret.

111 3008 138 3052 ss
150 2970 211 3057 ΡΗ.
233 2990 373 3056 Proinde
387 2991 549 3075 expiscere
563 2991 730 3148 qluesilnon
744 3013 863 3056 nosses.
888 2990 951 3055 Dn.
966 2990 1121 3056 Nessem?

602 3107 632 3148 Η.
669 3095 711 3149 ta.

149 3177 211 3243 Dn.
235 3177 307 3263 Ego
325 3178 376 3240 me
394 3198 490 3263 negot
509 3187 544 3241 tu
562 3179 616 3260 qui
635 3187 680 3242 a'r's
698 3177 807 3262 redige
824 3177 858 3241 in
875 3178 1068 3242 memoriam.

149 3271 209 3337 ΡΗ.
232 3271 305 3336 Eho
323 3272 367 3348 td,
390 3269 551 3335 sobrinum
574 3273 662 3335 tuem
678 3293 741 3335 non
763 3272 876 3334 nores?
910 3269 973 3335 Ds.
991 3255 1118 3337 Enicas.

234 3364 299 3431 Dio
325 3366 448 3429 nemen.
492 3363 552 3431 ΡΗ.
575 3364 718 3429 Nomen?
742 3366 900 3428 mexume.
944 3363 1007 3430 Dn.
1031 3365 1119 3447 Quid
1137 3373 1188 3427 385
1215 3333 1296 3394 ν

571 3458 656 3523 nemo
673 3459 777 3523 taces?
1260 3461 1262 3466 ’

147 3554 208 3619 ΡΗ.
230 3552 317 3618 Perii
342 3552 457 3629 hercle,
484 3573 600 3616 nomen
626 3551 759 3636 perdidi.
802 3550 864 3615 Du.
896 3549 1009 3637 [Hem]
1035 3553 1119 3631 Quid

570 3643 635 3710 a'is?
668 3646 728 3710 Pu.
748 3642 843 3722 Geta,

109 3760 135 3800 so
234 3740 270 3805 Si
287 3739 456 3804 meministi
471 3740 502 3804 id
516 3739 601 3823 quod
616 3739 690 3804 elim
708 3739 866 3817 dictumst,
887 3739 1004 3805 sdbice.
1033 3740 1117 3817 hem,

232 3834 306 3898 Non
325 3833 409 3897 dico:
432 3833 523 3918 quasi
540 3855 603 3897 non
621 3835 740 3910 nesses,
763 3843 952 3917 temptatum
973 3834 1116 3899 eduenis.

148 3927 209 4001 Du.
235 3927 307 4017 Ego
338 3928 444 3992 autem
474 3928 613 4013 tempto?
663 3926 723 3992 Gn.
756 3925 868 4012 Stilpo.
916 3927 975 3993 ΡΗ.
1009 3930 1117 4019 Atque

271 4017 275 4023 ’
573 4021 653 4096 adeo
671 4019 752 4117 quid
766 4020 861 4094 meu‘t
