2602 4432
128 197 131 203 ’
177 221 239 287 146
558 232 765 292 nvuveuvs
1133 235 1205 303 ue

201 434 426 500 Piranum
474 431 678 499 Canauna
720 432 891 499 Turiaso
940 430 1117 498 Gntnuo

198 549 431 594 numeremus
565 551 589 592 11
757 549 847 591 mue
944 549 1109 592 rnnasnve

521 639 582 704 Pu.
604 637 651 703 Di
668 641 808 703 uestram
825 637 932 714 fidem,
950 636 1148 703 incredibilia

105 747 173 801 1050
274 733 434 798 Parmeno
451 733 546 798 modo
564 734 646 818 quae
662 731 813 797 narrauit
849 730 907 796 sed
923 731 1010 796 ubist
1026 731 1143 796 frater?
1159 749 1188 790 nr

615 823 676 891 cn.
697 826 832 890 Praesto
849 824 950 890 adest.

188 918 250 985 Pu.
274 918 419 986 Gaudeo.
465 917 526 985 On.
553 918 639 986 Satis
657 920 761 985 eredo.
796 920 841 984 nil
863 931 911 986 ert
927 919 1052 985 Thaide
1073 919 1146 990 hae,

615 1014 721 1090 frater,
739 1025 795 1078 tua

274 1108 415 1194 Dignius
432 1108 519 1193 quod
537 1109 674 1174 ametur:
692 1108 737 1173 ita
753 1117 880 1174 nostrae
896 1109 1012 1174 ‹imnist
1025 1109 1146 1175 fautrix

614 1203 763 1268 familiae.

188 1298 248 1363 ΡΗ.
270 1297 354 1362 Mihi
367 1297 454 1362 illam
466 1297 598 1364 laudas?
628 1298 690 1363 Tu.
711 1296 807 1373 Perii,
825 1308 944 1381 quanto
957 1300 1063 1365 minue
1075 1300 1146 1385 spei

616 1403 675 1469 eet,
692 1402 781 1456 tanto
798 1391 901 1478 magis
918 1414 1001 1457 amo.

275 1464 430 1562 Obsecro,
450 1483 590 1563 Gnatho,
608 1488 691 1552 inte
709 1507 782 1571 spes
799 1495 858 1550 est.
895 1483 959 1551 Gn.
987 1484 1077 1568 Quid
1094 1488 1145 1552 uis

611 1578 746 1645 faciam?
789 1578 851 1643 Tu.
871 1579 995 1645 Perfice
1013 1580 1075 1646 hoo

103 1683 171 1738 1055
273 1671 428 1737 Precibus
445 1672 558 1757 pretio,
577 1684 613 1738 ut
629 1674 778 1738 haeream
794 1672 829 1737 in
846 1683 935 1757 parte
952 1672 1060 1756 aliqua
1072 1684 1145 1738 tau·
1158 1692 1188 1734 aa

616 1766 689 1832 dem
706 1766 791 1853 apud
809 1766 976 1832 Thaidem.

190 1857 252 1926 Gn.
271 1858 450 1925 Difficileet.
496 1860 556 1924 Tu.
580 1859 617 1925 Si
637 1861 714 1944 quid
737 1860 973 1938 conlubitumst,
999 1861 1073 1926 n6ui
1100 1873 1144 1928 te.

615 1953 676 2020 hoe
693 1953 720 2019 si
737 1953 890 2030 effeceris,

275 2045 419 2126 Queduis
437 2047 556 2113 donum
574 2047 750 2133 praemium
763 2071 782 2112 a
795 2070 847 2112 me
864 2050 987 2132 optato:
1004 2048 1039 2112 id
1051 2061 1145 2135 opta-

615 2154 684 2206 tum
701 2140 834 2206 auferes.

190 2234 251 2300 Gn.
271 2216 379 2300 tune?
409 2235 469 2300 ua.
494 2234 549 2301 sic
567 2237 635 2300 ent.
667 2233 729 2300 Gn.
754 2234 791 2300 si
809 2234 912 2300 efficio
929 2235 1000 2313 hoc,
1018 2237 1144 2322 pestulo

613 2340 649 2393 ut
666 2327 745 2393 mihi
761 2329 816 2393 tria
833 2328 945 2393 domus
1179 2398 1182 2403 .

273 2422 321 2487 Te
352 2434 517 2508 praesente
547 2423 678 2488 absente
707 2432 827 2507 pateat,
857 2424 1005 2487 inuocato
1035 2433 1071 2487 ut
1102 2425 1144 2489 eit

612 2516 700 2580 loeus
782 2564 793 2576 .
1018 2536 1025 2551 ·

102 2621 170 2677 106⁰
273 2607 417 2694 Semper.
444 2607 505 2671 Tu.
523 2607 576 2672 Do
590 2608 685 2673 fidem
699 2607 852 2671 futurum.
885 2605 945 2672 Gn.
964 2608 1142 2694 Adcingar.
1158 2631 1187 2672 ao

612 2701 673 2765 ΡΗ.
696 2698 803 2781 Quem
820 2721 881 2783 ego
899 2699 951 2765 hie
968 2701 1081 2766 audio?

274 2771 456 2857 OThraso.
492 2791 552 2855 Ta.
576 2791 714 2858 Saluete.
754 2793 815 2857 Pu.
837 2792 889 2856 Tu
907 2794 1041 2860 fortasse
1058 2816 1144 2879 quae

611 2886 695 2950 faeta
713 2885 765 2950 hio
782 2885 863 2950 sient

269 2978 392 3044 Nescis.
423 2979 484 3043 Tu.
504 2977 588 3044 Seio.
619 2979 680 3043 Pa
700 2977 790 3059 Quor
807 2980 884 3063 ergo
902 2979 935 3043 iu
953 2978 1001 3044 his
1019 2990 1049 3045 te
1067 2981 1144 3047 een-

612 3072 716 3157 epicor
732 3072 932 3158 regienibue?

186 3167 246 3231 Tu.
264 3165 365 3232 Vebis
379 3164 488 3230 fretus.
518 3166 578 3229 Pu.
598 3164 675 3230 Scin
689 3187 785 3249 quam
800 3166 919 3230 fretus?
937 3166 1036 3243 milen,
1051 3166 1143 3232 edieti

612 3260 679 3337 tibi,

272 3350 309 3418 Si
326 3363 358 3416 te
371 3351 404 3415 in
417 3351 523 3436 platea
537 3351 699 3418 offendero
713 3352 773 3417 hae
786 3365 858 3438 poet
871 3354 1033 3437 umquam,
1051 3355 1142 3438 quod

612 3446 698 3511 dieas
715 3446 793 3510 mihi

100 3557 168 3611 1065
273 3519 394 3603 ‘Alium
425 3538 631 3620 quaerebam,
667 3541 726 3604 iter
760 3539 820 3603 hae
851 3539 977 3604 habui’:
1008 3542 1140 3626 periisti.
1154 3562 1183 3606 aa

615 3630 675 3698 Gn.
698 3633 792 3710 Heia,
810 3632 897 3697 haud
915 3635 960 3698 sio
977 3633 1076 3699 decet.

184 3727 243 3790 Pu.
267 3724 438 3788 Dietumst.
467 3721 529 3790 Gu.
547 3723 621 3789 Non
635 3725 791 3810 cognrisco
801 3739 944 3791 uestrum
954 3729 1018 3790 tam
1028 3751 1142 3814 euper-

612 3817 688 3881 burn
707 3865 743 3882 ..
786 3819 846 3883 Pu.
869 3819 924 3885 Sto
942 3843 1013 3905 age.

186 3911 248 3978 Gr.
267 3911 361 3974 Prius
380 3908 486 3974 audite
505 3909 628 3994 paucis:
652 3910 737 3991 quod
760 3933 857 3994 quom
880 3913 998 3991 dixero,
1021 3914 1047 3978 ei
1070 3914 1142 4002 pla-

611 4001 722 4082 cuerit,
