2602 4432
104 232 228 309 1v‚3.4
565 235 716 294 ANDRIA
1083 220 1125 288 39

242 361 315 426 Nou
332 359 504 446 edposisse,
522 371 558 424 ut
576 360 695 444 liquido
709 358 838 444 possim.
869 357 937 422 Mr.
956 358 1126 444 Intellego:

118 472 146 513 15
242 455 336 519 Noua
353 455 438 519 nuno
455 453 568 540 religio
586 454 618 518 in
636 465 668 518 te
684 456 783 518 istaec
800 453 937 517 incessit.
961 452 1049 516 cedo.
1072 511 1074 516 .
1145 466 1196 521 730

157 547 222 611 Di.
244 547 345 613 Moue
367 548 455 612 ocius
474 557 516 626 te,
534 559 570 611 ut
588 547 664 630 quid
683 570 778 632 agam
795 567 888 632 porro
905 546 1079 630 intellegas.

242 642 307 708 Pro
322 640 480 729 Iuppiter!
508 641 577 705 Mr.
596 639 685 722 Quid
702 640 768 705 est?
795 641 858 703 DA.
878 639 1022 724 Sponsae
1040 651 1129 725 pater

580 733 760 798 interuenit.

244 828 390 915 Repudio
408 829 495 913 quod
513 827 678 893 consilium
696 828 834 912 primum
850 826 1056 891 intenderam.

158 922 227 987 Mr.
245 923 362 989 Nescio
389 923 466 1008 quid
491 944 609 987 narres.
646 921 709 986 Di.
737 904 809 1006 Ego
835 941 962 1004 quoque
987 921 1061 985 hino
1087 921 1128 985 ab

584 1015 715 1079 dextera

119 1128 147 1169 2⁰
244 1112 362 1178 Venire
379 1132 431 1176 me
450 1109 662 1175 adsimulabo:
684 1119 720 1173 tu
737 1119 775 1173 ut
791 1108 972 1174 subsemias
1147 1124 1199 1179 735

245 1203 403 1281 Orationi,
421 1205 635 1288 utquomque
652 1224 732 1288 opus
750 1202 800 1278 sit,
818 1203 924 1267 uerbis
942 1202 1026 1267 uide.

160 1296 229 1361 Mr.
248 1298 321 1382 Ego
338 1297 416 1381 quid
433 1320 510 1382 agas
528 1297 573 1360 nil
590 1296 754 1381 intelleg03
774 1296 829 1360 sed
848 1295 968 1378 siquid
988 1306 1043 1372 est,

246 1389 343 1472 Quod
360 1393 432 1456 mea
450 1412 546 1476 opera
564 1411 644 1475 opus
661 1391 701 1454 sit
714 1389 816 1466 uobis,
834 1400 869 1453 ut
886 1401 921 1454 tu
939 1390 1009 1474 plus
1028 1389 1131 1468 uides,

245 1485 398 1564 Manebo,
416 1508 457 1550 ne
474 1484 560 1569 quod
578 1486 723 1548 nostrum
740 1505 880 1548 remorer
897 1484 1109 1548 commodum.

362 1671 564 1739 Cernens
606 1671 744 1736 Mrsrs
786 1671 933 1737 stos

412 1780 509 1825 smmx
607 1779 738 1822 suornm
799 1778 911 1822 servos

109 1858 226 1928 tmen.
250 1862 417 1938 Reuortor‚
436 1871 604 1946 postquam
622 1879 704 1942 quae
722 1861 802 1944 opus
819 1859 908 1923 fuere
927 1859 968 1922 ed
984 1859 1111 1943 nuptias
1151 1872 1201 1927 740

249 1953 375 2020 Gnatae
393 1953 515 2040 paraui,
536 1966 573 2018 ut
589 1953 716 2017 iubeam
734 1954 861 2018 aooersi.
886 1952 942 2017 sed
959 1954 1037 2035 quid
1054 1953 1134 2018 hoo?

247 2048 335 2114 Puer
358 2049 503 2114 herclest.
534 2046 658 2124 mulier,
685 2057 720 2111 tu
746 2045 899 2132 Adposisti
926 2047 1029 2111 huno?
1064 2048 1132 2112 Mr.

586 2123 653 2208 Vbs
669 2141 734 2205 une
751 2141 817 2205 ese

164 2235 224 2301 Cn.
248 2237 320 2301 Non
347 2237 424 2301 mihi
450 2235 643 2322 respondes?
686 2234 754 2299 Mr.
786 2235 953 2319 Nusquam
980 2246 1037 2300 est.
1072 2259 1134 2301 uae

588 2329 721 2394 miserae
740 2329 830 2393 mihil

137 2441 152 2484 o
248 2425 388 2509 Reliquit
411 2447 463 2489 me
481 2423 575 2488 homo
599 2433 693 2506 atque
710 2423 799 2488 obiit.
835 2422 900 2488 DA.
928 2423 973 2489 Di
994 2427 1134 2489 uostrem

588 2517 694 2593 fidem,

250 2610 337 2693 Quid
364 2612 505 2677 turbaest
532 2610 619 2698 apud
643 2610 760 2675 formul
793 2611 869 2696 quid
895 2611 941 2675 illi
970 2611 1132 2676 hominum
1152 2625 1202 2680 745

588 2705 727 2791 litiganti

249 2799 335 2864 Tum
353 2801 479 2864 annone
497 2810 610 2864 oarast.
633 2799 709 2881 quid
727 2799 830 2862 diuam
849 2798 946 2874 aliud,
965 2800 1082 2865 nescio.

165 2893 233 2957 Mr.
253 2893 344 2974 Quor
362 2905 397 2957 tu
416 2894 546 2957 obsecro
563 2893 615 2957 hio
632 2915 683 2957 me
702 2892 820 2956 solam?
850 2891 915 2955 DA.
939 2894 1033 2971 Hem,
1052 2915 1133 2977 quae

588 2985 667 3050 haee
685 2998 732 3050 est
750 2986 878 3049 fetbula?

249 3079 321 3144 Eho
339 3080 453 3166 Mysis,
475 3103 554 3165 puer
571 3080 623 3144 hie
639 3080 771 3143 undest?
797 3081 909 3162 quisue
931 3080 994 3144 huo
1011 3082 1134 3146 attulit?

127 3193 153 3232 ro
166 3173 233 3237 Mr.
252 3172 344 3240 Satin
359 3174 475 3251 senu's,
494 3173 548 3256 qui
562 3197 613 3238 me
626 3173 659 3237 id
673 3173 809 3258 rogites?
834 3172 899 3236 Dr.
919 3173 1025 3254 Quem
1038 3175 1134 3260 igitur

589 3288 708 3352 rogem,

250 3359 316 3442 Qui
341 3361 392 3425 hio
418 3359 575 3425 neminem
606 3361 703 3425 alium
734 3360 881 3424 uideam?
931 3357 990 3424 Cu.
1021 3361 1133 3440 Miror,
1152 3377 1202 3430 too

588 3454 673 3519 unde
692 3454 741 3517 sit.

165 3547 229 3612 DA.
251 3548 385 3612 Dictura
402 3570 436 3612 es
455 3548 541 3630 quod
558 3548 656 3633 rogo?
689 3547 758 3612 Mr.
785 3545 855 3611 Au!
890 3545 955 3611 Di.
983 3546 1132 3615 Concede

588 3641 628 3706 ad
647 3641 819 3705 dexteram.

165 3736 233 3798 Mr.
252 3735 392 3799 Delirus:
415 3756 479 3799 non
496 3745 562 3799 tute
580 3737 670 3819 ipse.
687 3734 715 3798 ,ἲ
736 3733 800 3798 ΒΑ.
819 3733 963 3799 Verbum
977 3738 1004 3798 si
1020 3736 1098 3800 mihi

249 3830 357 3895 Vnum
376 3840 500 3914 praeter
517 3850 612 3911 quam
631 3828 717 3911 quod
734 3838 765 3892 te
782 3849 860 3912 rogo
877 3826 973 3892 faxis:
998 3829 1090 3895 caue!

127 3941 153 3981 ιε
249 3923 338 3987 Male
365 3923 460 3987 diois?
491 3922 623 3987 undeet?
654 3922 704 3984 dio
730 3922 822 3986 olere.
867 3921 935 3985 Mu.
971 3924 1003 3986 A
1030 3924 1131 3990 nobis.

589 4014 802 4080 Ds.Hahae1
