2602 4432
103 248 159 326 1,e
399 245 588 308 nnnvror
604 245 882 306 rmosvneros
1078 230 1122 297 59

242 372 341 438 Proin
359 384 395 438 tu
412 373 653 438 sollicitudinem
670 372 763 437 istam
780 371 903 449 selsam,
921 391 1003 456 quae
1020 380 1051 434 te
1069 392 1123 434 ex·

582 466 711 544 cruciat,
729 466 846 531 mittas.

158 559 220 626 Cn.
247 560 386 643 Quinum
403 560 543 645 loquitur
559 560 665 626 ffliust

131 653 218 720 ⁶01„
244 654 342 721 Pdter
354 656 453 732 adest,
471 675 567 738 quem
579 655 681 721 udlui:
704 654 808 720 adibo.
832 656 931 740 pdter,
949 663 1124 739 opportune

582 749 725 814 dduenis.

160 840 221 907 Cn.
248 841 337 924 Quid
365 842 400 907 id
429 842 496 908 est?
544 839 601 908 On.
634 843 733 907 Hune
762 841 990 907 Menedemum
1020 839 1124 903 nostin
1143 845 1194 900 180

582 937 724 1001 ndstrum
741 935 901 1000 uicinum?
927 932 989 998 Onss
1008 932 1125 997 Probe.

160 1026 219 1094 Cn.
245 1029 331 1094 Huic
349 1028 451 1094 filium
470 1029 532 1094 seis
550 1030 640 1094 esse?
666 1027 726 1094 On.
745 1028 867 1093 Audiui
885 1050 968 1093 esser
989 1030 1022 1091 in
1038 1026 1125 1092 Asia.

584 1120 641 1188 Cr..
663 1123 737 1188 Nori
754 1125 813 1200 est,
831 1132 935 1208 pater:

245 1217 345 1302 Apud
362 1218 421 1282 nde
439 1227 496 1282 est.
524 1213 584 1282 Cn.
604 1214 693 1297 Quid
710 1216 776 1280 ais?
802 1214 860 1281 Cn.
878 1196 1127 1292 Aduenientem,
1199 1248 1202 1256 ,

584 1331 603 1374 e
620 1310 697 1374 ndui
714 1310 929 1394 egredientem
945 1309 1018 1373 ilico

246 1402 378 1468 Abduxi
396 1403 438 1468 ad
456 1425 581 1481 eenam;
599 1407 674 1468 nem
690 1403 769 1467 mihi
786 1426 903 1490 magna
920 1425 992 1467 cum
1010 1404 1047 1467 ed
1065 1401 1128 1465 inm

584 1497 657 1562 inde
676 1488 805 1583 [usque]
826 1496 998 1585 anpueritia

246 1590 322 1655 Fuit
331 1592 455 1676 semper
469 1589 674 1655 familidrites.
694 1588 754 1656 Cn.
764 1590 971 1676 Voluptdtem
979 1611 1128 1676 magnam

585 1685 722 1750 nunties.

247 1777 354 1860 Quam
375 1777 491 1844 uellem
513 1778 741 1845 Menedemum
762 1779 943 1856 inuitatum,
965 1787 1001 1843 ut
1022 1777 1130 1842 ndbis-
1148 1782 1199 1838 185

586 1894 658 1937 cum
677 1883 769 1949 esset,
787 1873 934 1958 emplius,

241 1967 285 2033 Vt
303 1966 385 2032 hene
401 1967 553 2032 laetitiam
570 1967 773 2052 necopinanti
789 1969 909 2053 primus
927 1966 1084 2032 obicerem
1101 1966 1132 2030 ei

587 2060 686 2125 domii

247 2136 357 2239 Atque
375 2155 470 2221 etiam
487 2177 573 2220 nune
596 2157 722 2240 tempus
744 2166 802 2221 est.
847 2152 904 2220 01..
924 2154 1014 2221 Caue
1032 2153 1129 2218 sexis:

588 2272 652 2332 non
671 2271 751 2336 opus
768 2251 826 2325 est,
844 2260 944 2334 pater.

165 2343 225 2409 Cn.
254 2342 476 2430 Quaprdpter?
512 2342 570 2410 Cn.
597 2341 683 2426 Quia
706 2344 790 2409 enim
813 2343 999 2429 incertumst
1026 2341 1131 2420 etiam,

587 2439 663 2522 quid
682 2460 717 2503 se
733 2438 841 2503 faeiat.
864 2438 958 2502 mddo
978 2437 1080 2513 uenit3

125 2549 151 2591 ιο
249 2531 355 2596 Timet
377 2531 493 2610 dmnia,
515 2531 614 2617 patris
635 2534 715 2595 iram
738 2543 770 2596 et
792 2531 932 2596 animum
954 2533 1074 2596 amicae
1097 2551 1132 2595 se

587 2647 665 2712 erga
682 2636 717 2690 ut
735 2627 775 2690 sit
793 2647 881 2692 suae.

249 2718 332 2785 Eam
350 2721 463 2785 misere
481 2723 580 2796 emat}
598 2721 728 2804 propter
745 2742 816 2784 eam
833 2719 912 2784 haee
926 2719 1020 2784 turbe
1037 2727 1132 2801 atque
1150 2724 1201 2779 190

586 2813 685 2878 ebitio
703 2816 819 2878 euenit.
856 2811 916 2877 Cn.
940 2811 1025 2878 Seio.

165 2906 223 2973 Cn.
250 2907 346 2972 Nune
368 2907 527 2972 seruolum
550 2906 591 2971 ad
613 2907 737 2972 eumin
760 2907 872 2972 urbem
894 2907 993 2984 misit,
1016 2907 1048 2970 et
1070 2926 1131 2991 ego

588 3012 731 3066 nostrum
750 3005 814 3066 unt
833 3001 961 3087 Syrum.

166 3094 227 3162 Cn.
254 3094 342 3178 Quid
364 3094 490 3159 ndrmt?
526 3092 583 3159 Cn.
612 3093 700 3175 Quid
720 3095 793 3160 ille?
823 3095 857 3160 se
880 3094 1029 3160 miserum
1052 3115 1131 3159 esse.

589 3186 649 3252 Cn,
684 3188 861 3254 Miserum?
901 3210 995 3273 quem
1026 3188 1132 3252 minus

588 3282 751 3348 crederes?

249 3375 338 3458 Quid
351 3375 492 3442 relicuist
500 3375 578 3460 quin
587 3375 713 3454 hebeat,
723 3397 805 3459 quae
815 3376 943 3460 quidem
958 3377 990 3440 in
1004 3377 1131 3442 hdmine

588 3470 736 3537 dicuntur
753 3471 857 3536 bone?

249 3564 411 3644 Parentis,
446 3566 580 3652 petriam
611 3566 816 3643 inmssumem,
852 3564 984 3642 amieos,
1019 3565 1131 3649 genus,

586 3671 750 3746 cognatos,
768 3659 872 3724 ditias.

251 3755 361 3838 Atque
378 3754 458 3819 hade
474 3752 607 3840 perinde
625 3754 699 3818 erint
715 3764 753 3818 ut
769 3753 853 3817 illius
870 3751 1008 3815 enimust
1022 3750 1077 3835 qui
1094 3773 1132 3814 eu
1150 3755 1200 3810 195

612 3846 743 3912 dseidetr

196 3968 210 4000 .·
251 3939 317 4023 Qui
335 3944 382 4006 uti
403 3941 473 4019 seit,
496 3942 526 4007 ei
548 3869 646 4014 belriu
671 3939 727 4018 illi,
755 3939 895 4022 quinon
918 3938 1015 4002 utitur
1036 3939 1131 4016 reete,

588 4036 681 4099 mnia.
