2602 4432
102 238 183 308 1v‚1
566 237 718 294 aunam
879 301 880 304 a
1080 221 1123 288 35

221 382 224 386 ‘
244 359 309 427 Vbi
327 362 407 445 dpus
425 370 486 438 est3
503 360 549 425 illi
565 359 620 423 irbi
637 359 682 424 nil
700 361 802 445 opirst,
820 359 865 423 ibi
882 360 1040 425 uerantur.

115 469 142 511 1⁶
242 452 308 520 Sed
325 454 401 536 quid
419 454 533 538 agam?
555 453 707 518 adeamne
729 453 771 516 ad
789 476 861 517 eum
879 464 910 517 et
932 474 1005 516 cum
1022 474 1060 517 eo
1076 451 1125 519 in-

249 618 256 638 ⁹
580 547 693 610 idriam
711 545 793 611 hanc
811 546 1028 631 expastulem?

240 639 390 726 Ingeram
408 641 492 705 mala
508 639 627 705 malta?
644 651 738 723 atque
752 639 864 724 aliquis
880 639 963 704 dicat
981 639 1039 704 ‘nil
1052 661 1125 725 pro·
1142 650 1194 706 640

581 734 747 798 maneris’:

240 825 396 892 Multam:
429 828 581 894 molestus
611 829 695 892 carte
725 827 754 893 ei
784 826 873 892 fuero
900 837 995 911 atque
1020 827 1125 892 animo

582 943 702 986 morem
720 922 857 1007 gassero.

154 1012 214 1077 Pr.
242 1011 391 1092 Charine,
415 1026 446 1079 et
466 1037 519 1080 me
541 1026 572 1080 et
595 1027 627 1080 te
648 1015 831 1100 inprimens,
852 1013 913 1078 nisi
934 1013 1011 1097 quid
1028 1014 1061 1077 di
1078 1036 1126 1078 re·

582 1109 728 1194 spiciunt,
746 1107 879 1192 pardidi.

157 1197 217 1265 Cn.
240 1181 331 1268 itane
358 1202 579 1287 ‘inprudens’t
605 1203 733 1267 tandem
758 1202 917 1267 inuentast
939 1200 1048 1266 carisa:
1076 1224 1126 1265 so-

579 1296 665 1361 luisti
681 1295 786 1360 fidem.

115 1387 215 1452 nra.
244 1387 332 1470 Quid
358 1390 533 1455 ‘tandem’?
585 1387 646 1455 Cn.
681 1388 789 1454 Etiam
815 1389 899 1453 nanc
929 1411 980 1453 me
1011 1388 1126 1454 ducere

581 1485 649 1549 istis
668 1483 757 1548 dictis
775 1483 935 1569 pastulas?

155 1575 215 1640 Pr.
243 1575 330 1659 Quid
352 1578 434 1642 istuc
457 1578 523 1642 est?
565 1575 625 1642 On.
652 1577 828 1660 Postquam
849 1600 901 1642 me
922 1599 1029 1642 amare
1050 1576 1125 1654 dini,
1143 1586 1194 1642 645

580 1671 784 1755 conplacitast
802 1670 869 1734 tibi.

240 1764 316 1833 Heia
337 1787 388 1830 me
410 1764 574 1841 miserum,
602 1766 658 1847 qui
683 1776 772 1829 tuom
794 1763 934 1829 animum
957 1786 997 1829 ex
1020 1763 1126 1829 animo

363 1861 366 1864 ⁴
581 1860 723 1943 spectaui
739 1858 824 1923 meoi

156 1949 216 2014 ΡΑ.
243 1950 379 2015 Falsu’s.
433 1949 493 2016 On.
529 1951 644 2017 Nonne
675 1951 734 2016 tibi
763 1963 812 2016 sat
839 1973 907 2016 esse
933 1952 993 2017 hoc
1020 1953 1126 2017 uisum

582 2045 747 2111 salidumst
764 2045 927 2130 guadium,

241 2136 286 2201 Na
309 2160 361 2203 me
387 2138 536 2203 lactasses
561 2149 719 2204 amantem
751 2150 782 2205 et
812 2139 892 2204 falsa
922 2161 979 2224 spe
1008 2139 1126 2224 prodir-

457 2286 458 2292 ,
582 2233 688 2298 ceres?

114 2339 143 2382 2⁵
242 2324 381 2390 Habeas.
408 2325 468 2389 ΡΑ.
487 2325 654 2391 Habeam?
672 2325 722 2401 ah,
735 2324 838 2392 nascis
849 2326 975 2410 quantis
988 2327 1021 2389 in
1034 2325 1124 2389 malis

579 2422 689 2485 uorsar
705 2419 809 2497 miser,

242 2509 449 2594 Quantasque
467 2512 518 2578 hic
536 2514 673 2578 consiliis
691 2514 756 2577 suis
776 2511 881 2599 [mihi]
901 2513 1049 2579 conflauit
1062 2514 1124 2578 sol·
1141 2518 1193 2575 650

581 2607 769 2683 licitirdines‚

240 2696 336 2763 Meus
350 2700 510 2765 camufex.
548 2699 607 2766 Cn.
627 2699 715 2782 Quid
732 2701 812 2766 istac
831 2711 895 2765 tam
913 2701 1066 2779 mirumst,
1085 2701 1123 2766 da

579 2795 655 2860 tesi
673 2797 852 2880 exemplam
871 2795 973 2880 capit?

156 2887 214 2950 Pr.
243 2887 340 2950 Haud
357 2889 440 2952 istuc
458 2888 555 2966 dicas,
574 2891 601 2953 si
619 2888 762 2974 cognoris
780 2889 833 2952 ual
850 2911 901 2953 me
918 2889 970 2954 uel
984 2892 1123 2953 amoram

579 3004 696 3047 meum.

157 3073 215 3138 Cn.
238 3073 328 3141 Scio:
360 3075 432 3140 crim
458 3086 547 3160 patre
574 3076 731 3141 altercasti
761 3075 895 3153 dudum,
928 3087 959 3141 et
984 3078 1012 3142 is
1037 3099 1122 3142 nunc

579 3172 746 3255 propterea
763 3169 820 3233 tibi

114 3281 142 3322 ac
240 3261 412 3329 Suscanset
441 3285 501 3328 nec
530 3275 561 3328 te
588 3263 690 3346 quiuit
715 3262 809 3328 hodie
835 3265 949 3348 cagere
975 3264 1061 3328 illam
1086 3276 1122 3329 ut

250 3420 252 3426 ,
579 3358 719 3422 duceres.

154 3449 214 3515 Pr.
240 3451 343 3514 Immo
361 3450 466 3527 etiam,
483 3472 578 3534 quom
596 3463 630 3515 tu
647 3453 751 3515 minus
769 3451 830 3516 scis
843 3455 1009 3517 aerumnas
1023 3476 1120 3531 meas,
1138 3467 1189 3520 655

239 3546 330 3611 Haec
347 3544 475 3629 naptiae
493 3567 556 3609 non
574 3544 808 3630 adparabantiu
825 3545 912 3620 mihi,

238 3637 306 3701 Nec
324 3637 504 3722 pastulabat
522 3639 605 3701 nanc
622 3637 789 3720 quisquam
808 3640 939 3702 uxoram
958 3639 1042 3703 dare.

155 3729 215 3794 Cn.
239 3728 328 3795 Scio:
347 3730 381 3793 tir
400 3742 528 3794 coactus
546 3733 600 3794 tua
617 3731 780 3794 uoluntate
798 3732 841 3795 as.
881 3730 941 3795 ΡΑ.
964 3731 1076 3795 Mane:

112 3841 140 3882 as
237 3822 310 3887 Non
325 3822 400 3886 darn
415 3824 485 3888 scis.
522 3821 582 3888 Cu.
601 3822 676 3888 Scio
691 3823 837 3907 equidem
851 3824 937 3889 illam
951 3824 1118 3889 ducturum

577 3920 646 3982 asse
664 3928 705 3981 te.

149 4011 210 4078 Pa.
239 4009 329 4096 Quor
346 4033 397 4076 me
415 4011 539 4079 anicas?
556 4011 616 4078 hoc
634 4011 721 4080 audi:
740 4033 913 4098 numquam
932 4011 1050 4077 dastitit
1134 4017 1186 4074 660

911 4111 946 4166 3⁸
