2602 4432
170 217 212 286 72
409 234 595 292 HEAV'I'ON
613 235 891 294 TIMORVMENOS
1068 239 1192 310 111,1.2

102 371 152 427 495
172 355 232 423 05.
258 358 332 424 Dic.
354 358 422 423 Mn.
446 357 544 440 Quod
561 359 686 424 sensisti
702 360 772 425 illos
789 383 841 426 me
858 360 996 447 incipere
1013 360 1134 441 fdllcre,

255 453 296 517 Id
311 453 348 516 ut
364 462 522 517 maturent
538 452 658 518 fdcere:
677 454 771 538 cupio
787 453 834 518 illi
852 454 927 520 dere

255 546 352 628 Quod
368 546 446 623 uolt,
465 547 558 631 cupio
572 547 676 633 ipsum
690 546 754 612 idm
768 548 887 613 uidere.
916 547 976 614 05.
996 548 1138 636 05555055

593 641 685 706 dabo.

252 734 392 800 Pouldm
408 735 517 820 negoti
533 735 578 799 mi
595 735 713 800 obstat:
732 733 840 801 Simus
857 736 888 800 et
907 734 996 800 Crito
1020 730 1023 735 ’

253 827 360 894 Vrcini
376 828 474 893 nostri
492 827 544 893 hic
560 829 727 915 embigunt
744 829 785 895 de
802 828 934 906 finibus3
1151 850 1177 892 oo

101 935 153 990 500
254 922 312 988 Μ5
330 925 440 1008 cepere
458 921 624 994 arbitrum:
641 923 696 987 ibo
713 944 751 988 nc
769 922 882 1000 dicem,
901 934 936 987 ut
953 923 1095 989 dixeram

255 1014 397 1102 Operdm
415 1016 562 1080 daturum
580 1037 641 1092 me,
659 1015 754 1081 hodie
771 1039 835 1081 non
852 1038 945 1102 posse
963 1020 1008 1082 505
1026 1016 1111 1083 dare.

256 1107 415 1174 Continuo
425 1109 476 1174 hic
489 1109 604 1174 adeum.
622 1109 691 1174 Mn.
704 1109 756 1174 Ita
768 1112 895 1194 quadro.
907 1147 948 1158 —
958 1110 990 1175 di
998 1115 1138 1176 uostrdm
1156 1147 1158 1151 ,

591 1202 697 1280 fidem,
732 1200 735 1205 ’

252 1298 304 1362 Ita
321 1298 524 1382 conparatum
541 1319 610 1362 5555
628 1297 791 1362 hdminum
814 1307 961 1362 naturam
984 1298 1136 1376 dmnium‚

253 1390 370 1455 Aliena
387 1401 421 1454 ut
438 1389 551 1454 melius
568 1391 699 1455 uideant
715 1401 747 1456 et
765 1390 938 1463 diiddicent
1150 1411 1176 1454 55

100 1487 152 1543 505
254 1483 361 1565 Quam
379 1483 451 1548 odai
474 1506 516 1548 55
529 1506 566 1548 eo
579 1483 624 1561 fit,
643 1487 718 1568 quia
731 1484 764 1549 in
780 1507 815 1550 re
827 1496 935 1550 nostra
947 1496 1003 1550 550
1019 1485 1136 1571 gaudio

254 1576 373 1644 Sumus
390 1577 565 1663 praepediti
582 1578 678 1642 nimio
696 1589 751 1643 550
768 1578 984 1664 aegritudine?

253 1671 318 1735 Hic
342 1671 420 1734 mihi
445 1694 530 1736 nunc
552 1682 670 1754 quanto
691 1672 763 1756 plr'rs
789 1673 871 1757 repit
893 1693 988 1755 quam
1011 1676 1137 1759 egomdt

575 1765 683 1830 mihil

170 1858 230 1924 05.
256 1858 400 1923 Disedlui
417 1880 478 1934 me,
496 1858 615 1923 otidsns
632 1881 762 1944 operam
778 1872 815 1924 ut
832 1860 889 1923 ubi
907 1860 1025 1925 darem.

256 1952 356 2038 Syrus
374 1955 421 2016 550
438 1953 640 2037 prendendus
659 1955 754 2036 etque
772 1953 987 2018 adhortandis
1005 1955 1091 2020 mihi.
1149 1975 1189 2016 roo

101 2051 153 2106 510
255 2049 288 2112 Α
306 2049 356 2111 me
374 2046 568 2130 nescioquis
586 2047 664 2111 exit:
683 2047 820 2112 concede
839 2047 913 2112 hinc
931 2048 1070 2127 domum,

255 2141 305 2206 Ne
322 2143 380 2207 ndo
398 2140 480 2206 inter
496 2162 554 2205 555
571 2143 745 2226 congruere
762 2143 811 2205 illi
827 2142 972 2207 55505550.

483 2327 617 2393 85555
671 2325 870 2393 05555555

490 2435 603 2479 snnvoo
725 2435 822 2479 surnx

170 2516 224 2583 Sr.
251 2517 324 2582 Hac
340 2518 413 2581 illac
431 2516 653 2593 circumcdrsa3
674 2516 932 2581 inueniundr'rmst
949 2528 1055 2584 055555
1134 2538 1188 2590 nm

254 2612 448 2696 Argentum:
466 2610 707 2674 intendendam
724 2620 861 2675 senemst
878 2611 1013 2675 follicia.

170 2703 229 2769 Cn.
256 2704 343 2768 Num
360 2706 411 2768 md
428 2703 539 2768 fefellit
556 2703 651 2769 hosce
668 2704 700 2767 id
718 2705 857 2770 struere?
879 2705 1026 2771 uidelicet

101 2827 152 2883 515
254 2799 312 2863 Ille
330 2799 524 2863 ddulcsccmie
542 2800 650 2862 seruos
667 2799 905 2876 tardideculust3

254 2893 377 2958 Idcirco
395 2890 469 2956 huic
486 2902 592 2956 nostro
610 2892 755 2956 trdditnst
772 2892 944 2978 prouincia.
1160 2913 1174 2955 5

170 2987 224 3052 85.
252 2986 332 3067 Quis
350 2987 401 3051 hic
418 2985 574 3069 loquitur?
596 2986 684 3071 perii.
707 2988 783 3051 num
801 3010 876 3051 5555
899 2987 977 3052 haec
995 2987 1136 3053 audiuit?

593 3076 652 3144 05.
676 3077 767 3164 Syre.
787 3079 841 3146 Sr.
864 3082 960 3146 Hem.

170 3171 229 3238 05.
258 3172 345 3254 Quid
363 3184 399 3237 tu
414 3173 504 3238 istic?
532 3170 586 3238 Sr.
610 3174 709 3239 Recte
727 3174 888 3258 equidem3
905 3175 1010 3241 redte
1027 3175 1133 3255 mirdr,

592 3265 755 3344 Chremes,

251 3360 333 3425 Tam
359 3362 467 3437 mdue,
494 3362 548 3443 qui
575 3360 643 3426 heri
667 3365 789 3426 trintum
820 3362 947 3429 biberis.
989 3359 1049 3428 05.
1080 3363 1135 3430 Nil

590 3478 693 3519 555555.

45 3535 52 3548 “
99 3561 150 3616 520
168 3547 224 3614 Su.
251 3547 334 3612 ‘Nil’
351 3548 480 3612 5555550
501 3549 571 3612 uisa
587 3552 704 3627 555550,
722 3550 808 3633 quod
826 3550 888 3616 dici
905 3552 994 3627 solet,

250 3642 388 3725 Aquilae
414 3652 568 3708 55555055.
607 3641 666 3707 05.
690 3645 782 3708 Η5ί5.
821 3643 875 3709 85.
903 3645 1023 3709 Mulier
1048 3646 1134 3709 com·
1147 3666 1173 3706 10

588 3738 693 3813 modo,

250 3829 368 3893 Faceta
385 3829 464 3894 haec
482 3831 638 3896 meretrix.
664 3829 723 3895 05.
740 3830 834 3896 8555.
861 3830 915 3896 85.
929 3831 1020 3897 Idem
1035 3831 1134 3896 uisdst

588 3925 664 3989 tibi?

249 4015 293 4085 Et
310 4019 438 4106 quidem
452 4019 556 4087 hercle
569 4019 671 4086 forma
684 4019 852 4088 loculenta.
882 4016 942 4086 05.
962 4017 1027 4098 Sic,
1045 4017 1130 4086 satis.
