2602 4432
511 253 608 312 VITA
625 252 794 312 TERENTI
1114 237 1140 306 ᾗ

104 374 169 416 8ᾶῶ
239 372 308 428 Post
324 373 412 430 editas
428 393 473 430 sea
489 375 655 445 comoedias,
670 374 792 430 nondum
808 373 934 445 quintum
946 377 1029 444 atque
1041 372 1139 427 uicesi-

104 429 161 520 ²³⁶²
172 474 247 512 mum
263 475 389 531 egressus
405 478 514 531 annum,
531 461 617 516 animi
633 477 772 516 caucasea
783 459 914 515 uitandus
925 458 1071 531 opinionis,
1083 474 1139 528 qua

171 543 319 600 uidebatur
338 546 429 601 aliena
448 563 499 618 pro
519 547 575 601 suis
596 547 691 615 edere,
712 563 762 602 seu
782 545 953 619 percipiendi
970 544 1139 601 Graecorum

172 627 298 684 instituta
313 647 470 703 moresque,
491 648 559 703 quos
579 649 633 686 non
645 632 768 704 'perinde
789 632 955 703 exprimeret
973 628 1137 699 inscriptis,

173 729 300 784 egressus
319 718 382 771 urbs
398 722 440 770 cst
456 733 545 789 neque
569 717 686 788 amplius
707 716 798 772 rediit.
834 717 869 772 da
889 720 977 772 morte
998 715 1056 770 eius
1072 713 1137 770 Vol·
1155 712 1173 767 5

173 799 266 854 sacius
277 799 318 856 sic
329 802 426 856 tradit:

130 917 156 957 ro
208 899 263 956 Sed
275 907 306 956 nt
319 883 390 960 Afer
400 906 502 976 populo
514 903 561 960 sex
574 904 651 960 dedit
662 901 827 974 comoedias,

206 986 265 1041 Iter
275 985 340 1043 hinc
351 989 381 1043 in
392 992 488 1044 Asiam
501 988 576 1046 fecit.
611 1007 710 1045 nauem
722 1001 806 1044 autem
817 986 849 1044 tt
860 988 945 1044 semel

207 1069 381 1144 Conscendit,
393 1075 468 1130 uisus
480 1073 628 1148 mimquam
641 1081 695 1130 est:
708 1075 748 1129 sic
758 1073 818 1130 uita
828 1078 918 1129 uacat

173 1171 205 1238 Q.
219 1171 367 1231 Cosconius
383 1178 542 1234 redeuntem
556 1195 570 1233 e
584 1177 703 1233 Graecia
717 1177 823 1250 perisse
838 1176 868 1231 in
883 1176 953 1231 mari
968 1182 981 1209 ⁸
993 1173 1054 1229 sinu
1065 1173 1137 1228 Len·
1156 1174 1190 1226 10

173 1260 295 1317 cadiae·
311 1262 379 1317 dicit
394 1280 455 1318 cum
468 1263 509 1333 [0.
523 1270 552 1319 et
563 1263 654 1334 VIM]
671 1263 773 1317 fabulis
790 1261 928 1318 conuersis
944 1278 962 1316 a
978 1259 1137 1315 Menandro.

131 1358 157 1399 rs
174 1346 259 1399 ceteri
278 1352 415 1402 mortuum
435 1365 495 1403 esse
514 1348 543 1402 in
564 1349 687 1403 Arcadia
704 1346 860 1420 Stymphali
881 1347 954 1417 [sinu
968 1344 1138 1414 Leucadiae]

104 1453 126 1494 μ
136 1444 161 1484 ss
173 1431 287 1485 uadunt
298 1430 347 1486 Cn.
361 1431 487 1488 Cornelio
498 1433 646 1488 Dolabella
657 1434 695 1488 M.
708 1433 808 1488 Fuluio
820 1433 960 1489 Nobiliore
972 1430 1137 1499 consulibus,

173 1516 268 1571 morbo
279 1517 442 1589 implicitum
455 1519 533 1589 [acri]
547 1536 580 1574 ex
593 1520 685 1575 dolore
697 1536 730 1574 ac
741 1519 834 1575 taedio
846 1518 1006 1572 amissarum
1018 1516 1136 1572 sarcina-

173 1618 242 1671 rum,
255 1616 324 1672 quas
335 1603 365 1657 in
375 1620 446 1658 naue
458 1604 648 1675 praemiserat,
660 1621 694 1659 ac
706 1604 785 1658 simul
797 1603 961 1673 fabularum,
974 1619 1043 1674 quas
1051 1618 1137 1656 nouas
1156 1603 1190 1656 15

174 1685 288 1741 fecerat,

241 1773 338 1827 Fuisse
362 1774 462 1828 dicitur
484 1773 615 1829 mediocri
638 1779 755 1844 statura,
779 1773 879 1846 gracili
899 1790 1024 1845 corpore,
1049 1772 1138 1828 colore

143 1871 157 1913 t
174 1857 259 1912 fusco.
294 1858 406 1928 reliquit
421 1859 521 1929 filiam,
537 1877 609 1930 quae
624 1866 687 1930 post
703 1861 789 1929 equiti
805 1860 929 1914 Romano
944 1858 1051 1931 nupsit,
1071 1858 1137 1912 item

173 1943 295 1998 hortulos
306 1944 363 1998 XX
374 1944 500 2015 iugerum
511 1945 559 2000 uia
567 1945 662 2016 Appia
673 1946 709 1999 ad
721 1945 819 2000 Martis
832 1945 957 2014 [uillaml.
982 1959 1036 2013 quo
1049 1943 1138 2016 magis

174 2028 257 2082 miror
267 2029 396 2083 Porcium
408 2029 542 2084 scribere:
1155 2029 1190 2083 20

209 2127 303 2202 Scipio
314 2133 354 2185 nil
365 2129 478 2202 profuit,
490 2133 530 2186 nil
540 2130 662 2202 Laelius,
674 2132 714 2187 nil
725 2129 833 2202 Furius,

208 2214 279 2271 Tres
290 2233 341 2288 per
352 2217 381 2270 id
392 2213 501 2288 tempus
513 2217 561 2288 qni
572 2217 718 2289 agitabant
728 2216 834 2272 nobiles
847 2216 999 2272 facillume:

208 2299 310 2357 Eorum
321 2301 370 2356 ille
382 2318 467 2373 opera
478 2299 513 2357 nd
525 2303 635 2357 domurn
647 2303 759 2373 quidem
769 2301 868 2357 habuit
879 2299 1087 2373 conducticiam,

209 2385 314 2442 Saltem
325 2392 356 2442 ut
368 2392 440 2442 esset
451 2384 505 2458 qud
517 2387 634 2443 referret
645 2386 751 2445 obitum
763 2387 865 2442 domini
878 2384 1009 2442 seruolus.

242 2489 325 2545 Hunc
336 2489 468 2544 Afranius
484 2490 596 2560 quidem
612 2490 736 2545 omnibus
753 2489 864 2545 comicis
879 2489 1003 2562 praefert
1018 2490 1139 2547 scribens
1155 2491 1191 2548 25

175 2576 205 2630 in
217 2573 428 2646 Compitalibus:

134 2683 159 2721 ro
211 2670 325 2726 Terenti
336 2687 431 2723 numae
442 2666 560 2724 similem
573 2668 663 2723 dicent
674 2665 851 2740 quempiam?

108 2796 130 2836 p.
139 2785 165 2825 as
177 2772 323 2830 Volcacius
340 2777 432 2827 autem
447 2790 502 2827 non
517 2771 605 2826 solum
620 2770 727 2828 Naeuio
743 2777 773 2825 et
787 2771 888 2826 Plauto
905 2776 933 2827 ct
945 2769 1073 2844 Caecilio,
1090 2775 1140 2829 sed

176 2858 284 2914 Licinio
297 2873 404 2929 quoque
417 2862 446 2911 et
457 2857 543 2912 Atilio
554 2856 703 2928 postponit.
732 2854 828 2911 Cicero
839 2858 869 2912 in
879 2857 996 2913 Limone
1008 2858 1140 2914 hactenus

177 2945 285 2999 laudat:
1157 2947 1192 3002 30

211 3030 256 3083 Tu
267 3044 387 3100 quoque,
399 3027 448 3098 qui
459 3028 532 3082 solus
543 3027 615 3082 lecto
628 3042 760 3097 sermone,
773 3027 895 3097 'serenti

212 3112 380 3169 Conuersum
392 3129 603 3184 expressumque
614 3111 717 3167 Latina
727 3129 795 3167 uoce
807 3112 988 3167 Menandrum

147 3213 161 3254 o
210 3200 244 3254 In
255 3198 377 3254 medium
388 3197 467 3252 nobis
479 3197 582 3252 sedatis
594 3196 708 3251 moribus
720 3197 810 3265 effers,

212 3285 350 3350 Qniddam
362 3300 438 3339 come
449 3282 564 3353 loquens
575 3288 658 3353 atque
670 3282 761 3337 omnin
773 3282 865 3337 dulcia
875 3285 996 3342 mr'scens.

178 3389 248 3443 item
260 3385 291 3443 (l.
305 3384 419 3441 Caesar:

212 3475 258 3528 Tu
269 3488 388 3543 quoque,
399 3473 470 3526 tuin
482 3470 602 3541 summis,
614 3487 631 3526 o
644 3470 786 3525 dimidiate
798 3470 958 3543 Menander,

212 3557 337 3628 Penatis,
349 3563 378 3614 et
388 3557 493 3626 merito,
505 3557 568 3628 puri
580 3556 711 3611 sermonis
723 3561 836 3611 amator.

137 3658 162 3696 ro
212 3643 336 3697 Lenibus
347 3647 431 3713 atquc
442 3642 547 3697 utinam
559 3641 669 3712 scriptis
681 3641 811 3696 adiuncta
822 3642 894 3697 foret
904 3642 957 3713 uis,

214 3727 326 3783 Comica
335 3733 367 3781 ut
378 3733 495 3799 aequato
506 3727 594 3781 uirtus
605 3727 723 3798 polleret
733 3728 836 3782 honore

214 3813 283 3867 Cum
296 3811 410 3867 Graecis
422 3829 491 3868 neue
502 3813 555 3866 hac
567 3812 713 3882 despectus
725 3818 803 3883 parta
815 3813 933 3868 iaceres!
1160 3814 1195 3872 40

216 3899 306 3956 Vnum
317 3899 370 3957 hoe
381 3913 503 3957 maceror
515 3915 548 3958 ae
560 3897 639 3958 doleo
650 3897 703 3958 tibi
715 3898 803 3970 desse,
816 3898 938 3959 Terenti.
