2602 4432
105 253 245 342 squar
533 260 743 324 nonnanon
1061 254 1124 321 275

129 412 143 454 a
241 392 377 460 Seruom
394 394 480 458 haud
497 393 694 459 inliberalem
715 393 849 478 praebes
868 403 909 469 to,
928 393 960 456 et
977 392 1034 456 tibi

239 489 371 554 Lubens
397 489 478 554 bene
505 488 614 553 faxim.
655 486 710 552 Sr.
738 484 886 552 Gratiam
908 486 1020 553 habeo.
1061 487 1123 553 Dn.

577 582 689 666 Atqui,
708 578 801 665 Syre,

238 677 312 742 Hoc
329 678 471 742 uerumst
488 688 520 742 et
537 676 608 762 ipsa
623 697 658 740 re
675 675 837 759 experiere
858 674 1050 760 propediem.

472 938 591 1006 Gara
654 937 805 1004 Damna

477 1055 589 1099 suavos
681 1053 777 1098 sannx

102 1143 217 1214 van.
241 1145 321 1223 Era,
354 1166 414 1232 ego
441 1143 504 1208 huc
530 1143 571 1208 ad
594 1142 652 1207 hos
674 1146 816 1228 prouiso‚
842 1165 939 1227 quam
966 1165 1040 1208 mox
1060 1145 1125 1208 uir·

576 1259 683 1323 gruem

238 1333 424 1398 Accersant.
460 1324 519 1397 sed
535 1354 645 1397 eccum
662 1329 829 1395 Demeam.
866 1331 969 1395 salutis
988 1330 1059 1396 sies.
1141 1340 1193 1396 890

154 1428 216 1494 Dr.
240 1425 271 1492 Ο
295 1429 351 1511 qui
371 1427 507 1492 uocare?
550 1425 612 1492 Gn.
632 1423 724 1491 Geta.
767 1423 830 1489 Dr.
851 1423 944 1502 Geta,
965 1423 1125 1490 hominem

576 1519 717 1585 maxumi

238 1615 327 1680 Preti
345 1625 376 1678 te
393 1637 463 1680 esse
481 1615 574 1680 hodie
592 1613 731 1680 iudicaui
749 1613 854 1678 animo
872 1625 976 1691 me03'

121 1729 140 1769 s
237 1709 322 1773 Nam
339 1708 366 1772 is
383 1708 462 1772 mibi
483 1709 656 1794 profectost
673 1709 782 1772 seruos
800 1708 960 1792 spectatus
978 1707 1064 1784 satis,

238 1802 324 1884 Quoi
342 1802 487 1866 dominus
505 1813 639 1880 curaest‚
661 1804 706 1866 ita
723 1802 771 1865 uti
787 1801 846 1865 tibi
862 1803 957 1877 sensi,
977 1799 1072 1879 Geta,

108 1916 110 1919 ·
236 1897 282 1962 Et
298 1896 356 1961 tibi
373 1897 415 1960 ob
433 1919 503 1961 eam
521 1919 598 1974 rem,
617 1898 644 1960 si
661 1894 739 1978 quid
756 1917 832 1959 usus
850 1897 982 1971 uenerit,
1140 1904 1191 1960 895

237 1990 372 2056 Lubens
389 1990 472 2055 bene
489 1989 598 2055 faxim.
635 1989 769 2053 meditor
787 2011 855 2054 esse
873 1987 1030 2066 adfabilis,

239 2083 284 2150 Et
310 2085 391 2149 bene
417 2085 568 2170 procedit.
621 2081 683 2149 Gn.
710 2083 819 2147 Bonus
849 2105 897 2160 es,
923 2105 1020 2168 quom
1045 2082 1124 2149 haec

579 2179 760 2242 existumas.

115 2293 140 2332 ro
153 2274 216 2338 Dn.
237 2272 399 2338 Paulatim
416 2273 542 2357 plebem
558 2272 731 2358 primulum
748 2270 830 2336 facio
847 2294 960 2338 meam

233 2538 478 2603 Arsoaruvs
529 2534 680 2600 Druna
733 2534 868 2602 Sravs
921 2534 1038 2602 Gara

259 2652 451 2698 muraenas
553 2652 648 2702 snum
755 2651 841 2695 snavr
960 2654 983 2694 11

103 2763 145 2811 va
156 2744 217 2808 An.
241 2740 402 2807 Occidunt
419 2763 471 2805 me
487 2740 626 2824 quidem,
650 2741 726 2805 daim
742 2740 835 2805 nimis
853 2753 977 2806 sanctas
995 2743 1122 2828 nuptias

238 2835 376 2902 Student
392 2836 511 2900 facere:
529 2835 562 2899 in
581 2835 764 2922 adparando
782 2835 970 2899 consumunt
988 2837 1081 2903 diem.
1138 2854 1190 2908 900

153 2930 216 2995 Da.
236 2928 326 3012 Quid
342 2929 458 3016 agitur,
477 2928 658 2994 Aeschine?
691 2929 753 2994 An.
772 2910 887 3007 Ehem,
908 2940 998 3015 pater
1014 2930 1068 3010 mi,
1087 2941 1123 2996 tu

575 3023 627 3088 hic
644 3023 733 3088 eras?

151 3118 214 3183 Dn.
234 3118 322 3182 Tuos
340 3117 446 3183 hercle
462 3139 539 3183 uero
557 3129 589 3183 et
604 3117 710 3182 animo
728 3128 759 3182 et
775 3119 890 3182 natura
906 3135 1005 3203 pater,
1103 3123 1106 3127 ’

127 3229 140 3270 s
238 3210 303 3294 Qui
326 3211 358 3276 tc
380 3222 465 3277 amat
486 3212 559 3297 plbs
579 3232 677 3296 quarn
699 3211 795 3277 hosce
816 3212 932 3277 oculos.
967 3213 1024 3279 sed
1042 3235 1122 3300 quor

576 3306 639 3369 non
656 3305 786 3369 domum

239 3399 378 3466 onrem
405 3398 558 3464 accersis?
597 3401 658 3462 Aa.
682 3397 802 3484 Cupio;
829 3421 941 3464 uerum
962 3399 1022 3466 boc
1044 3402 1121 3468 mihi

576 3506 723 3569 moreest,

238 3586 384 3652 Tibicina
405 3597 438 3651 et
459 3586 671 3672 hymenaeum
688 3587 744 3671 qui
766 3588 901 3653 cantent.
945 3587 1009 3653 Dn.
1037 3588 1120 3669 Eho,
1137 3605 1189 3662 905

237 3680 303 3746 Vin
328 3691 363 3744 tu
390 3680 463 3745 huic
489 3680 556 3745 seni
583 3681 779 3746 auscultare?
821 3682 884 3746 Aa.
912 3680 1017 3762 Quid?
1056 3682 1119 3749 Dn.

575 3774 678 3840 Missa
695 3775 774 3840 baec
790 3775 872 3852 face,

238 3867 463 3952 Hymenaeum
480 3867 589 3933 turbas
606 3867 769 3952 lampadas
787 3869 942 3947 tibicinas,

241 3963 351 4044 Atque
368 3961 450 4025 hanc
466 3962 501 4025 in
518 3962 609 4026 horto
625 3962 795 4026 maceriam
811 3963 886 4029 iube
904 3965 986 4029 dirui

238 4053 400 4136 Quantum
414 4066 534 4142 potest:
551 4055 615 4122 hac
627 4055 787 4135 transirem
800 4078 909 4121 unam
919 4057 981 4202 bap
994 4054 1159 4117 bamma

932 4152 960 4205 χ.
976 4153 992 4179 =
