2602 4432
148 181 170 244 4
491 187 589 246 VITA
605 186 775 246 TERENTI

148 312 295 384 temptione
318 310 434 380 uestitu,
459 309 589 364 subsellio
613 309 689 363 iuxta
708 308 839 364 lectulum
863 308 986 364 residens
1005 308 1191 383 legeceas-

150 404 213 469 post
228 413 331 469 paucos
343 412 409 450 uero
425 411 521 449 uersus
536 395 669 449 inuitatus
685 399 717 448 ut
733 394 908 450 accumberet
924 411 1036 450 cenasse
1051 368 1189 467 una,¹''”

150 484 215 539 dein
238 489 330 539 cetera
353 480 556 552 percucurrisse
583 497 639 534 non
661 480 720 534 sine
742 497 845 552 magna
865 478 978 536 Caecilii
1000 482 1120 537 admira·

149 570 231 624 tione.
267 573 296 623 et
310 568 383 621 hanc
401 572 494 622 autem
515 571 544 620 et
563 567 683 638 quinque
704 565 824 635 reliquas
845 567 997 636 aequaliter
1016 567 1152 639 populos

116 653 292 724 bprohauit3
320 652 446 722 quamuis
469 651 617 708 Volcacius
643 653 671 705 in
695 651 910 706 dinumeratione
935 652 1055 707 omnium
1079 653 1122 707 ita

150 737 266 793 scribatz

205 837 224 898 †
243 829 372 886 Sumatur
383 831 495 902 Hecyra
508 833 585 884 sexta
597 845 630 883 ex
641 828 684 882 his
696 828 800 882 fabula.

151 927 300 981 Eunuchus
324 923 436 995 quidem
456 922 499 977 bis
524 923 649 994 deinceps
669 927 732 977 ecta
753 927 795 977 est
815 923 969 995 mansitque
991 925 1121 995 pretium,

153 1016 285 1082 quantum
305 1009 382 1064 nulla
401 1013 483 1063 antea
504 1010 665 1078 cuiusquam
686 1008 841 1079 comoedia,
861 1010 892 1063 id
908 1016 951 1064 est
965 1016 1026 1065 octo
1043 1012 1122 1066 milia

101 1099 134 1154 10
151 1113 305 1164 nummum,
318 1099 466 1165 propterea
477 1111 583 1148 summa
595 1111 704 1165 quoque
716 1095 797 1149 titulo
809 1095 964 1149 ascribitur.
988 1102 1001 1129 ⁸
1018 1103 1031 1129 ·
1047 1102 1060 1129 ⁸
1077 1103 1090 1130 ·
1107 1104 1120 1131 ·
1139 1116 1168 1156 10

151 1200 216 1236 nam
236 1181 426 1251 Adelphorum
446 1178 611 1250 principium
627 1181 717 1237 Varro
737 1181 821 1235 etiam
841 1180 965 1251 praefert
983 1181 1119 1253 principio
1133 1200 1196 1250 pso

152 1266 307 1322 Menandri.

219 1361 285 1418 Non
305 1359 423 1414 obscura
442 1357 518 1412 fama
538 1364 581 1412 est
600 1358 725 1413 adiutum
743 1359 904 1414 Terentium
924 1360 954 1414 in
974 1360 1083 1431 scriptis
1103 1377 1122 1415 a

153 1446 251 1503 Laelio
268 1451 297 1501 et
313 1444 454 1516 Scipione,
476 1462 590 1516 eamque
610 1446 671 1516 ipse
688 1447 764 1499 auxit
783 1463 932 1516 numquam
952 1446 1005 1500 nisi
1022 1447 1122 1501 leuiter

102 1535 135 1588 15
152 1532 274 1588 refutare
287 1535 410 1600 conatus,
421 1529 494 1584 utin
504 1531 619 1601 prologo
630 1529 832 1600 Adelphorum:

187 1634 260 1691 Nam
272 1629 347 1704 quod
358 1631 405 1686 isti
417 1632 513 1686 dicunt
524 1630 661 1702 mdleuoli,
674 1631 797 1687 homines
808 1629 909 1689 ndhilis
1137 1649 1153 1694 s

187 1720 271 1774 Hunc
282 1715 409 1773 adiutare
422 1713 593 1787 adsidueque
605 1734 660 1771 una
672 1715 805 1772 scrihere:

189 1804 270 1868 Quod
280 1800 323 1858 illi
335 1801 510 1857 maledictum
522 1800 672 1857 uehemens
685 1818 745 1856 esse
758 1799 930 1874 existumant,

188 1889 259 1943 Eam
270 1884 381 1942 laddem
392 1885 438 1940 hic
450 1886 527 1941 ducit
536 1884 700 1957 maxumam,
714 1903 794 1958 quom
806 1885 861 1942 illis
873 1889 974 1959 placet,

102 1977 138 2032 20
190 1974 245 2039 Qui
255 1970 336 2029 udbis
346 1968 483 2027 uniudrsis
495 1976 524 2026 et
534 1968 638 2044 populd
650 1973 770 2043 placent,

190 2059 312 2126 Quorum
323 2054 542 2127 dperainbello,
554 2057 584 2110 in
596 2054 661 2127 osio,
673 2056 702 2111 in
714 2055 826 2128 negdtio
1139 2078 1166 2120 ιο

190 2145 246 2202 Suo
257 2139 375 2214 quisque
386 2147 509 2212 tempore
521 2138 599 2196 deust
611 2142 670 2197 sine
682 2139 821 2214 superbia.

155 2250 265 2303 uidetur
280 2252 372 2302 autem
388 2261 418 2300 se
434 2243 523 2299 leuius
540 2245 709 2313 defendisse,
731 2245 797 2315 quia
813 2244 919 2299 sciebat
939 2250 968 2300 et
983 2245 1079 2299 Laelio
1096 2250 1124 2300 et

158 2332 280 2404 Scipioni
290 2348 346 2387 non
356 2332 495 2402 ingratam
507 2344 566 2385 esse
579 2330 650 2384 hanc
662 2329 830 2400 opinionem:
843 2347 915 2400 quae
926 2335 985 2385 tum
996 2330 1124 2403 magiset

105 2421 139 2475 25
157 2435 244 2489 usque
261 2418 298 2472 sd
313 2417 466 2489 posteriora
482 2420 608 2485 tempora
623 2414 719 2469 ualuit.
756 2414 786 2468 G.
799 2415 945 2469 Memmius
960 2415 990 2469 in
1001 2415 1123 2471 oratione
1141 2435 1167 2477 ιο

156 2520 207 2576 pro
227 2520 256 2559 se
277 2501 322 2556 ιΡ.
343 2500 514 2570 aldoenus:
534 2500 636 2570 inquit,
654 2503 685 2554 ‘a
700 2499 832 2554 Terentio
852 2517 997 2571 personam
1016 2506 1122 2556 mutua·
1134 2523 1192 2571 par

157 2597 210 2659 tus,
227 2604 298 2659 quae
314 2585 388 2641 domi
402 2586 506 2641 luserat
521 2584 591 2656 ipse,
607 2585 716 2638 nomine
732 2585 806 2638 illius
819 2585 849 2639 in
865 2602 992 2640 scaenam
1009 2585 1124 2640 detulit!

157 2674 253 2744 Nepos
275 2676 386 2726 auctore
410 2675 484 2726 certo
509 2668 673 2739 comperisse
701 2685 731 2723 se
758 2669 810 2739 ait,
835 2671 865 2725 G.
889 2668 1016 2725 Laelium
1039 2687 1123 2741 quon·

159 2760 223 2812 dam
248 2757 278 2812 in
300 2756 452 2810 Puteolano
479 2754 606 2808 kalendis
637 2754 746 2808 Martiis
774 2755 942 2810 admonitum
968 2756 1005 2810 ah
1031 2772 1123 2826 uxore,

107 2844 141 2899 30
158 2841 307 2912 temperius
329 2846 362 2895 ut
382 2840 572 2907 discumberet,
595 2839 698 2910 petisse
719 2839 755 2894 ab
777 2857 811 2895 ea
832 2857 868 2894 ne
890 2840 1124 2911 interpellaretur3

158 2944 273 2999 seroque
295 2926 407 2981 andem
430 2925 583 2996 ingressum
605 2923 753 2979 triclinium
782 2925 882 2979 dixisse
909 2942 963 2979 non
990 2942 1073 2997 saepe
1095 2927 1155 2986 ina

159 3012 304 3068 scribendo
322 3010 412 3083 magis
432 3008 486 3064 sibi
506 3009 681 3079 successisse3
706 3010 805 3065 deinde
825 3014 951 3081 rogatum
971 3017 1003 3065 ut
1022 3011 1125 3083 scripta

157 3099 207 3153 illa
222 3096 370 3168 proferret,
391 3097 581 3166 pronuntiasse
601 3112 697 3150 uersus
714 3095 763 3165 qui
783 3100 847 3150 sunt
867 3096 897 3149 in
916 3096 1124 3151 Heautontimo-

158 3199 285 3237 rumeno:

108 3269 142 3323 35
194 3266 267 3322 Satis
278 3263 327 3337 pdl
337 3272 466 3337 proterue
478 3262 523 3320 md
535 3264 598 3336 Syri
610 3262 744 3337 promissa
755 3265 810 3319 huc
822 3261 994 3320 induxerunt.

161 3369 260 3424 Santra
276 3368 437 3424 Terentium
454 3367 599 3436 existimat,
616 3369 639 3423 si
655 3370 737 3423 modo
752 3367 782 3421 in
799 3367 943 3423 scribendo
955 3369 1125 3424 adiutoribus
1142 3392 1168 3431 ιο

159 3454 323 3526 indiguerit,
339 3471 394 3508 uon
409 3459 467 3508 tam
484 3452 612 3523 Scipione
629 3459 658 3508 et
672 3454 770 3509 Laelio
786 3454 827 3507 uti
843 3453 978 3524 potuisse,
996 3454 1043 3524 qui
1059 3459 1126 3509 tunc

159 3537 359 3594 adulescentuli
367 3537 1125 3610 fuerintquamc.SulpicioGallo,hominedoctoatquo

160 3623 269 3678 consule
278 3622 476 3693 Mecalecsibus
490 3622 562 3677 ludis
574 3622 683 3677 initium
692 3623 848 3679 fabularum
857 3623 1009 3678 dandarum
1018 3621 1125 3693 fecerit,

108 3711 143 3765 40
160 3710 206 3764 uel
226 3707 257 3772 Q.
280 3707 369 3764 Fabio
386 3709 518 3763 Labeone
539 3713 566 3762 et
586 3708 624 3767 M.
644 3708 779 3781 Popillio,
800 3708 936 3764 consulari
955 3714 1071 3779 utroque
1091 3725 1125 3763 ac
1138 3729 1193 3780 ,aa

160 3796 251 3866 poeta.
287 3792 350 3848 ideo
374 3793 464 3864 ipsum
484 3810 539 3846 non
558 3793 672 3849 iuuenes
692 3793 851 3866 designare,
875 3794 923 3867 qui
944 3810 974 3849 se
994 3794 1125 3849 adiuuare

161 3880 297 3948 dicuntum,
314 3878 363 3934 sed
378 3878 462 3948 uiros,
479 3894 594 3948 quornm
609 3894 723 3952 operam
740 3885 768 3935 et
782 3879 897 3935 inbelle
910 3878 1125 3936 etinoticetin

160 3963 272 4041 negotio
282 3964 400 4039 populus
412 3964 448 4020 sit
461 3967 597 4038 expertus.
