2602 4432
146 274 151 284 ,
171 207 233 276 106
551 221 757 283 EVNVCHVS
1140 223 1205 299 Lm

101 349 151 405 125
253 344 382 410 Interea
398 344 499 424 miles,
518 348 574 431 qui
590 370 642 415 me
660 370 767 414 amors
784 348 960 433 occeperat,
1157 367 1185 408 «ὁ

253 439 294 503 In
312 437 470 504 Ctriamst
487 440 663 526 profectum
681 452 713 507 te
730 441 850 507 interes
867 442 929 507 loci

255 531 414 618 Cognoui.
451 544 518 600 tute
536 537 597 601 scis
614 536 741 621 postilla
757 557 853 619 quam
870 538 1028 600 intumum

252 627 400 691 Habetim
418 637 449 692 te
467 639 499 692 et
515 652 587 694 mea
604 629 734 694 consilis
751 640 787 694 ut
803 629 862 694 tibi
880 629 1006 694 credam
1025 629 1144 695 omnia.

168 721 222 788 Pr.
243 719 294 786 Ne
312 720 373 785 hoo
390 721 520 805 quidem
541 723 658 788 tacebit
674 722 844 788 Permeno
891 727 944 790 Tu.
962 720 1028 801 Oh,
1047 723 1144 788 dubi·

595 817 691 881 umne
709 816 743 880 id
760 817 827 882 est?

100 912 151 968 130
252 909 325 973 Hoc
343 908 438 994 igne,
456 910 581 975 amabo.
617 912 718 974 meter
734 932 807 975 mee
823 909 887 975 illio
903 910 1056 976 mor-tuost
1157 928 1184 969 so

252 1000 382 1087 Nuper:
409 1003 478 1068 eius
503 1003 603 1068 frater
628 1003 826 1086 eliquantum
853 1003 894 1067 nd
916 1026 983 1069 rem
1006 1017 1054 1068 est
1072 1003 1143 1069 eui-

593 1097 670 1162 dior.

254 1190 288 1254 Is
305 1191 362 1255 ubi
379 1192 440 1255 tore
458 1190 540 1255 hano
558 1191 661 1256 forms
678 1192 765 1256 uidet
783 1191 915 1256 honesta
933 1190 1089 1278 uirginem

253 1282 298 1349 Et
315 1285 433 1350 fidibus
452 1285 543 1362 seire,
561 1286 697 1372 pretium
715 1307 846 1372 sperans
863 1286 937 1351 flioo

252 1377 416 1456 Producit,
434 1379 553 1444 uendit.
589 1379 670 1444 forte
689 1378 817 1444 fortune
833 1379 937 1444 odfuit

135 1486 147 1517 f
253 1473 318 1536 Hic
336 1475 425 1538 meus
443 1474 578 1538 amicust
596 1473 672 1539 emit
691 1497 760 1539 eam
779 1474 863 1538 dono
880 1472 969 1550 mihi,
1154 1491 1183 1534 no

253 1566 431 1651 Inprudens
448 1567 561 1631 harum
579 1569 685 1632 rerum
703 1567 896 1653 ignarusque
915 1566 1067 1633 omnium.

253 1660 286 1724 Is
304 1661 405 1724 uenit:
424 1673 592 1745 postquam
610 1661 708 1726 sensit
724 1683 775 1725 me
793 1662 898 1726 tenum
915 1682 1042 1744 quoque

254 1753 336 1818 Rem
352 1753 480 1831 habere,
498 1755 590 1839 fingit
608 1756 719 1819 causas
736 1777 777 1820 ne
795 1754 849 1820 det
865 1755 990 1820 sedulo:

253 1848 322 1924 Ait,
341 1849 368 1912 si
384 1848 480 1913 fidem
499 1848 614 1913 habeat
631 1871 665 1912 se
681 1849 721 1913 tri
737 1849 951 1935 praepositum
969 1847 1026 1913 tibi

254 1941 354 2027 Apud
389 1964 455 2020 me,
491 1964 528 2007 uo
562 1964 627 2007 non
662 1942 695 2006 id
729 1944 863 2020 metuat,
902 1965 957 2020 ne,
994 1941 1050 2006 ubi
1088 1963 1182 2008 ue-oo

593 2037 741 2121 ceperim,

255 2129 333 2196 Sese
351 2129 538 2213 relinquam,
557 2130 640 2195 uelle
658 2153 692 2196 se
710 2129 796 2195 illam
815 2129 891 2194 mihi
910 2130 999 2207 dare;

254 2224 375 2290 Verum
393 2224 426 2287 id
443 2223 555 2288 uereri.
590 2223 648 2288 sed
664 2245 724 2309 ego
742 2235 897 2306 quantum
914 2224 1066 2308 suspicor,

254 2319 309 2383 Ad
325 2317 483 2403 uirginem
501 2316 641 2381 animum
664 2316 785 2382 adiecit
829 2316 889 2381 Pru
907 2315 1057 2382 Etiamne
1073 2320 1141 2381 rim·

594 2410 695 2496 plius?

169 2506 229 2571 Tn.
252 2506 321 2582 Nih
344 2508 419 2569 mim
436 2503 591 2588 quaesiui.
626 2505 711 2569 nuno
728 2525 789 2589 ego
808 2526 888 2582 eam,
910 2504 954 2569 mi
970 2503 1140 2581 Phaedria,
1184 2546 1187 2551 -

101 2605 152 2660 145
253 2600 377 2664 Multae
414 2610 488 2664 sunt
518 2620 633 2663 causae
664 2619 761 2681 quam
792 2597 832 2662 tb
862 2620 930 2663 rem
961 2597 1055 2683 oupio
1084 2597 1141 2662 ab·
1154 2615 1180 2656 os

595 2692 723 2756 ducere:

253 2787 398 2851 Primum
420 2786 508 2870 quod
529 2806 617 2850 soror
638 2795 687 2850 est
709 2784 807 2862 diots3
833 2795 997 2869 praeterea
1017 2784 1053 2848 ut
1074 2783 1140 2848 suis

254 2881 431 2947 Restituam
450 2902 487 2945 uo
509 2879 651 2945 reddam.
686 2878 755 2944 sola
777 2900 861 2955 sum3
888 2877 991 2944 habeo
1013 2877 1064 2942 hio
1085 2880 1141 2942 ne-

595 2995 712 3038 mrnem

254 3067 368 3151 Neque
386 3069 523 3133 amioum
547 3087 651 3149 neque
673 3067 859 3150 cognitum:
881 3085 978 3148 quam
999 3063 1041 3128 ob
1063 3087 1140 3142 rem,

593 3159 763 3236 Phaedria,

256 3253 360 3340 Cupio
378 3255 501 3339 sliquos
520 3277 629 3340 parere
647 3255 764 3319 amicos
782 3251 935 3317 beneficio
952 3273 1031 3317 meo.

255 3350 294 3413 Id
312 3350 426 3413 amnbo
444 3349 552 3413 adiuta
569 3350 631 3426 me,
649 3370 713 3432 quo
730 3346 764 3413 id
779 3346 835 3410 fiat
852 3345 991 3410 fucilius:
1154 3364 1180 3406 ro

257 3442 334 3509 Sine
352 3443 442 3508 illum
460 3442 579 3528 priores
596 3442 694 3528 portis
712 3441 806 3505 hosce
825 3439 953 3523 aliquod
972 3439 1038 3504 dies

255 3537 355 3623 Apud
372 3559 424 3602 me
441 3536 569 3602 habere.
610 3536 656 3602 nil
672 3533 863 3620 respondes?
897 3534 957 3599 Pu.
975 3533 1141 3610 Pessum,

255 3632 349 3719 Egon
366 3634 538 3716 quicquam
555 3653 628 3696 oum
645 3629 713 3694 istis
731 3629 823 3695 fectis
841 3628 899 3692 tibi
915 3628 1142 3713 respondeam?

169 3729 230 3793 Pi.
257 3725 320 3803 Eu,
338 3728 456 3802 noster,
474 3725 585 3790 laudo:
603 3725 731 3790 tendem
750 3722 921 3809 perdoluit:
940 3723 1051 3787 uires.

102 3829 153 3883 155
170 3824 230 3887 Pu.
255 3822 300 3885 At
317 3822 379 3906 ego
397 3819 571 3896 nescibam,
586 3820 739 3903 quorsum
756 3830 792 3882 tu
809 3817 886 3883 ires:
909 3815 1056 3901 ‘poruola
1154 3833 1180 3875 u

255 3914 341 3978 Hinc
360 3916 408 3979 est
426 3914 573 3997 obrepta3
592 3910 702 3977 eduxit
718 3922 819 3976 mater
836 3912 893 3996 pro
913 3933 985 3987 sua3

256 4008 354 4074 Soror
371 4007 499 4085 diotust3
517 4005 611 4094 cupio
629 4004 797 4083 abducere,
816 4015 852 4071 ut
870 4003 1000 4093 reddum
1019 4003 1114 4071 suis’:
