2602 4432
183 213 245 282 140
562 227 767 288 rvuvuflvs
1098 230 1206 306 unt

180 351 239 418 Pr.
260 352 367 419 Probe
384 352 496 438 edepol
513 376 638 431 narras3
657 377 731 420 nam
750 354 796 419 ssli
813 355 908 421 faueo
924 356 1051 442 uirgini.

265 448 315 512 lte
330 448 428 511 intro:
446 447 511 511 iam
528 446 651 512 dudum
667 449 722 512 era
738 470 796 514 uos
815 452 962 535 expectet
980 450 1076 516 domi.
1093 489 1137 500 —

265 544 378 609 Virrim
396 543 515 608 bonum
533 565 643 608 eccum
660 542 894 610 Permenonem
910 545 1056 612 incedere

265 637 380 703 Video:
403 637 478 703 uide
494 648 531 701 ut
548 637 667 703 otiosus
684 637 722 703 itl
745 637 773 702 si
790 638 838 703 dis
856 639 970 725 placet,
1163 661 1189 701 ιο

111 733 163 790 990
265 731 365 818 Spere
399 753 452 797 me
485 731 618 810 habere,
656 733 711 816 qui
744 731 830 798 hunc
864 756 935 799 meo
970 735 1150 802 excruciem

602 826 707 890 modo.

262 919 322 984 Ibo
338 921 432 997 intro,
450 920 490 987 de
507 920 688 1007 cognitione
704 930 740 986 ut
757 921 879 987 certum
896 922 1009 988 sciam:

261 1012 342 1079 Post
358 1013 452 1081 exibo
470 1026 565 1099 atque
582 1014 667 1080 hunc
684 1014 866 1101 perterrebo
884 1015 1082 1102 secrilegum.

425 1277 629 1347 Pnnuuuo
706 1279 896 1346 Prrrnns

461 1393 574 1440 suavos
725 1395 858 1440 suornm

72 1472 76 1479 ⁴
174 1482 233 1550 Pr.
256 1485 385 1561 Reuiso,
404 1483 573 1567 quidnam
592 1481 737 1549 Chaerea
755 1484 807 1549 hic
823 1485 928 1549 rerem
946 1494 1046 1570 geret.
1146 1503 1199 1554 ur

260 1578 356 1660 Quod
374 1578 400 1643 si
417 1580 489 1643 estu
506 1600 574 1643 rem
592 1578 749 1655 tracteuit,
768 1577 800 1642 di
817 1580 958 1643 uostrem
974 1578 1080 1654 fidem,

106 1680 157 1738 995
260 1673 422 1754 Quantam
452 1673 485 1737 et
510 1693 608 1756 quam
638 1694 749 1738 ueram
778 1671 906 1737 laudem
937 1672 1040 1757 capiet
1064 1672 1145 1738 Per·

598 1766 706 1832 menol

257 1861 290 1926 N
290 1885 342 1926 am
358 1871 395 1927 ut
411 1863 544 1941 mittam,
563 1861 649 1946 quod
666 1871 697 1926 ei
713 1862 851 1926 emerem
868 1859 1110 1938 difficillumum,

258 1953 486 2032 Carissumum,
505 1979 525 2020 a
541 1956 704 2021 meretrice
721 1978 819 2020 auara
835 1954 992 2041 uirginem
1169 1973 1183 2017 ι

258 2047 365 2128 Quam
383 2048 520 2126 emebat,
540 2071 613 2114 eum
630 2048 753 2113 confeci
771 2049 839 2113 sine
856 2047 1010 2127 molestia,

258 2141 336 2208 Sine
353 2143 491 2228 sumptu,
509 2142 577 2208 sine
596 2142 774 2229 dispendio:
797 2154 865 2207 tum
883 2142 944 2207 hoc
959 2143 1105 2222 elterum,

103 2247 155 2304 930
258 2235 297 2300 Id
314 2238 421 2301 uerost
438 2235 524 2319 quod
543 2258 602 2323 ego
620 2237 696 2301 mihi
714 2247 792 2322 puto
808 2235 1006 2322 palmerium,

256 2329 313 2395 Me
331 2331 518 2416 repperisse,
536 2329 599 2414 que
617 2331 711 2395 modo
730 2330 987 2395 adulescentulus

257 2424 462 2489 Meretricum
480 2424 608 2510 ingenio
625 2435 657 2489 et
674 2427 778 2490 meres
796 2434 903 2510 posset
920 2426 1060 2502 nescere,
1155 2444 1181 2485 ro

256 2519 385 2584 Mature
402 2530 438 2582 ut
455 2540 552 2602 quom
570 2518 722 2604 cognorit,
741 2529 894 2604 perpetuo
912 2518 1020 2584 ederit

258 2611 351 2693 Quae
368 2612 445 2676 dirm
461 2612 538 2677 foris
557 2623 639 2687 sunt,
658 2614 703 2676 nll
720 2612 846 2677 uidetur
862 2611 1022 2690 mundius,

103 2720 155 2776 935
256 2706 326 2771 Nec
342 2706 445 2792 megis
464 2706 673 2792 compositum
691 2709 860 2790 quicquam
882 2729 942 2772 nec
958 2706 1060 2791 magis
1077 2707 1141 2774 ele·

595 2823 690 2886 gaus:

259 2893 366 2980 [Quae
384 2914 457 2959 cum
475 2904 615 2959 amatore
633 2915 691 2958 suo
709 2916 782 2958 cum
799 2904 914 2958 cenant
931 2891 1114 2982 ligurriunt]

256 2988 381 3053 Harum
397 2987 508 3053 uidere
525 2987 678 3052 inluuiem
695 2987 804 3052 sordes
820 2987 971 3074 inopiam,
1153 3008 1179 3051 ιι

257 3081 364 3163 Quam
376 3081 560 3147 inhonestae
574 3080 660 3146 solae
670 3083 732 3145 sint
741 3080 825 3144 domi
835 3092 930 3165 atque
940 3081 1052 3147 auidae
1067 3083 1139 3160 cibi,

257 3176 331 3258 Quo
347 3176 440 3263 pecto
459 3199 499 3241 ex
516 3176 584 3241 iure
601 3175 748 3241 hesterno
766 3199 882 3262 panem
896 3177 999 3240 atrum
1017 3189 1139 3258 uorent,

103 3293 155 3349 940
256 3271 358 3336 Nosse
376 3269 482 3335 emnia
499 3269 578 3335 haec
596 3269 719 3335 salutent
737 3270 991 3335 adulescentulis.

171 3365 229 3429 Pr.
253 3365 325 3449 Ego
342 3364 394 3450 pel
412 3374 443 3429 te
461 3385 518 3450 pro
535 3361 603 3427 istis
621 3363 713 3428 fectis
732 3375 762 3428 et
781 3364 883 3441 dictis,
903 3365 1016 3442 scelus,

255 3459 408 3535 Vloiscar,
431 3470 465 3522 ut
482 3479 523 3521 ne
540 3457 658 3542 inpune
675 3457 709 3522 in
727 3479 785 3521 nos
801 3457 956 3522 inlusoris.
1152 3480 1179 3521 ro

255 3552 319 3616 Pre
331 3551 425 3617 deum
438 3551 544 3627 fidem,
557 3550 681 3615 ferinus
694 3550 837 3616 foedum!
857 3573 876 3616 ο
889 3552 1047 3617 infelicem
1061 3552 1140 3638 adu·

592 3645 813 3710 lescentuluml

256 3719 287 3806 O
301 3741 467 3807 scelestum
480 3741 721 3817 Permenonem‚
740 3741 794 3823 qui
806 3742 902 3804 istum
915 3740 978 3805 huo
992 3739 1136 3806 adduxit!

591 3832 651 3897 Pr.
670 3831 759 3915 Quid
776 3834 842 3898 est?

100 3934 152 3991 945
168 3930 227 3995 Pr.
250 3929 383 3994 Miseret
403 3951 469 3994 me:
496 3927 603 4011 itaque
624 3938 660 3991 ut
686 3929 726 3992 ne
753 3927 908 4007 uiderem,
935 3929 1050 3993 misera
1074 3928 1139 3996 huc

593 4021 698 4111 eciugl
712 4021 810 4101 lorus,
