2602 4432
573 219 749 276 PHORMIO
802 232 806 237 '

538 881 724 962 ioris
746 881 781 962 1.
912 822 920 832 ⁵

583 1049 731 1113 Divos

598 1164 712 1207 servos

120 1287 155 1341 35
257 1281 391 1345 Amicus
409 1301 552 1344 summus
569 1280 659 1343 meus
678 1290 708 1343 et
726 1278 888 1364 popularis
907 1277 991 1344 Geta
1156 1299 1198 1345 ιι

256 1374 337 1437 Heri
354 1373 395 1437 td
412 1395 464 1437 me
481 1372 579 1437 uenit.
615 1373 682 1436 drat
700 1372 728 1436 ei
747 1372 786 1437 de
804 1372 983 1436 ratitineule

256 1468 326 1532 Iam
344 1466 467 1551 pridem
484 1465 570 1550 apud
588 1487 639 1529 me
656 1466 807 1530 relicuom
825 1466 1035 1550 pauxillulum

256 1561 481 1625 Nummdrum:
499 1560 533 1623 id
550 1570 585 1623 ut
603 1559 800 1624 conficerem.
836 1559 976 1639 confecit,
989 1560 1110 1626 ddfem.
1170 1602 1176 1613 ·

257 1655 342 1719 Nam
359 1654 467 1718 erilem
484 1652 585 1717 filium
601 1653 669 1717 eius
687 1653 815 1717 duxisse
832 1653 927 1717 addio
1172 1675 1187 1716 5

258 1749 413 1813 derem:
432 1746 460 1810 ei
479 1746 573 1811 credo
590 1747 706 1810 mimus
724 1746 784 1810 hoe
802 1747 993 1819 eonrdditur.

258 1840 366 1922 Quam
383 1840 490 1923 inique
509 1841 765 1925 comparetumst,
783 1839 813 1904 ei
830 1839 886 1923 qui
903 1842 1007 1905 minus
1024 1839 1147 1907 hebent

256 1937 303 1999 Vt
320 1935 444 2018 semper
461 1933 581 2017 aliquid
597 1933 717 1997 dddant
734 1932 913 1997 ditidribus!
995 1944 998 1951 '

260 2026 357 2108 Quod
373 2027 427 2091 ille
444 2026 594 2091 dneiatim
611 2028 667 2090 uix
685 2027 725 2090 de
742 2027 892 2091 demensd
909 2047 967 2091 suo

260 2121 361 2188 Sudm
378 2121 552 2185 defrudans
569 2120 699 2207 genium
717 2123 874 2205 conpersit
891 2121 996 2199 miser,
1046 2180 1049 2187 .
1107 2179 1113 2189 .
1158 2145 1185 2185 ιο

140 2229 152 2239 ·
256 2216 296 2279 Id
312 2215 367 2279 illa
383 2213 569 2278 riniuorsum
587 2213 730 2298 abripiet,
750 2215 836 2279 haud
853 2216 1046 2279 existumans

257 2308 385 2389 Quantd
402 2308 511 2373 labore
529 2309 666 2392 pertum.
701 2330 795 2392 porro
813 2309 920 2372 autem
937 2305 1022 2374 Geta

255 2404 401 2468 Ferietur
418 2401 480 2466 alio
498 2402 638 2477 minere,
656 2400 711 2464 ubi
730 2423 783 2464 era
800 2401 956 2486 pepererit
961 2426 970 2479 3

255 2497 357 2561 Porro
375 2496 480 2560 alitem
497 2495 569 2569 alio,
587 2494 643 2558 ubi
661 2495 719 2559 erit
735 2495 833 2580 pdero
851 2497 963 2561 natalis
981 2497 1063 2576 diee;

255 2590 321 2655 Vbi
337 2589 515 2654 initiabunt.
551 2590 643 2652 dmne
660 2587 721 2653 hoe
738 2600 838 2654 mater
855 2591 991 2655 adferet:
1156 2606 1185 2655 rt

119 2686 154 2741 50
255 2682 343 2749 Puer
360 2684 456 2748 carisa
473 2681 532 2746 erit
549 2681 708 2747 mittr'rndi.
743 2683 799 2748 sed
815 2682 930 2749 uidedn
948 2682 1085 2750 Getam?

11 2720 189 2951 K
496 2867 613 2934 Gru
673 2869 818 2935 Divos

63 2942 121 3021 Ἥ7
515 2976 602 3020 serm
729 2977 751 3018 11

172 3056 232 3124 Ge.
257 3055 294 3122 Si
315 3058 386 3141 quis
407 3079 460 3123 me
481 3067 612 3142 quaeret
632 3056 723 3121 rdfus
742 3105 749 3119 .
770 3105 778 3120 .
801 3056 866 3121 DA.
884 3057 1057 3137 Praestost,
1085 3061 1193 3131 rie-m

596 3151 672 3215 sine.
717 3148 780 3215 Gr.
800 3148 866 3228 Oh,

257 3247 302 3309 At
312 3266 372 3330 ego
382 3244 511 3309 dbuiam
520 3245 659 3309 eondbar
668 3244 736 3321 tibi,
745 3243 849 3310 Daue.
859 3245 923 3311 DA.
932 3227 1064 3330 decipe,
1075 3271 1140 3315 em:

255 3340 435 3416 Leetdmst3
454 3339 621 3404 conueniet
639 3340 789 3403 ndmerus
807 3349 960 3422 quantum
978 3340 1084 3406 debui.

170 3430 232 3497 Ge.
255 3434 340 3497 Amd
357 3444 399 3510 te,
419 3445 450 3497 et
466 3453 531 3495 non
548 3432 724 3497 neclexisse
741 3431 843 3515 habeo
862 3432 1006 3516 gretiam.

117 3531 152 3585 55
169 3526 233 3589 DA.
251 3525 444 3590 Praesertim
463 3535 498 3589 ut
515 3547 599 3589 nunc
618 3536 691 3589 sunt
709 3527 826 3589 mdres:
845 3525 924 3590 adeo
942 3528 992 3590 res
1011 3527 1105 3592 redit:
1167 3549 1181 3589 ε

254 3618 290 3685 Si
308 3620 379 3703 quis
397 3619 473 3702 quid
491 3618 603 3694 reddit,
622 3620 739 3703 megae
753 3618 932 3685 habendast
949 3621 1062 3705 grdtia.

254 3712 321 3779 Sed
340 3713 417 3797 quid
439 3724 473 3776 tu
496 3735 529 3776 ee
552 3712 667 3777 tristis?
704 3709 766 3777 Gr.
789 3695 921 3798 Egone?
949 3713 1051 3778 neseis
1074 3735 1139 3797 quo
1210 3778 1216 3784 .

591 3808 624 3870 in
642 3817 740 3882 metu,

255 3900 382 3991 Quanto
404 3902 437 3965 in
467 3899 584 3986 periclo
613 3899 725 3964 simus!
765 3900 829 3965 DA.
856 3898 943 3981 Quid
968 3900 1050 3969 istuc
1072 3904 1140 3975 det?

593 3990 653 4068 Ga,
673 3992 772 4081 sdes,
