2602 4432
529 241 738 301 somnos

469 865 796 937 PROLOGVS.

152 1086 328 1172 Postqusm
345 1094 438 1175 polita
456 1089 553 1154 sensit
571 1089 756 1175 scripturim
773 1112 864 1155 suum

153 1189 210 1253 Ab
227 1189 341 1274 iniquis
359 1191 520 1256 obserutri
538 1202 570 1256 et
588 1191 787 1257 uduorsurios

154 1291 280 1376 Rapere
296 1295 329 1356 in
347 1293 486 1379 peiorem
503 1296 626 1379 pirtem
644 1315 740 1378 quam
757 1295 858 1358 uctuii
875 1315 985 1359 sumus

155 1412 173 1449 1
291 1411 310 1448 1
428 1413 446 1450 1
565 1414 584 1451 1
703 1413 721 1450 1
839 1413 858 1450 1
993 1429 1004 1449 ο

154 1497 276 1562 Indicio
295 1497 334 1563 ds
351 1521 386 1564 se
403 1498 470 1584 ipse
488 1499 557 1575 erit,
574 1521 632 1564 uos
650 1499 737 1564 eritis
754 1497 884 1575 iudices,

129 1599 284 1686 cLaudin
303 1623 343 1665 an
360 1601 438 1665 uitio
457 1601 530 1667 dimi
547 1601 581 1665 id
597 1601 719 1666 factum
736 1603 889 1686 oportent.
1157 1612 1176 1666 o

121 1728 124 1732 ·
156 1699 487 1788 Synapothnescontes
504 1701 629 1788 Diphili
645 1703 851 1769 comoediust:

154 1804 238 1868 Eam
257 1801 500 1870 Commorientis
517 1804 651 1869 Pleistus
668 1804 745 1871 fecit
762 1806 914 1871 fibulam.

155 1906 195 1971 In
213 1903 340 1972 Graeca
357 1906 542 1971 adulescens
560 1907 618 1983 est,
636 1908 691 1991 qui
708 1907 814 1973 lenoni
832 1907 924 1994 eripit

155 2002 358 2074 Meretricem
375 2007 409 2073 in
425 2007 528 2094 prima
544 2008 668 2074 fibula:
687 2032 760 2075 eum
776 2009 912 2075 Plautus
928 2011 1034 2075 locum

118 2130 144 2169 ιο
155 2109 297 2195 Reliquit
313 2111 481 2197 integrum.
517 2133 589 2177 eum
608 2110 659 2176 hic
675 2113 780 2177 locum
798 2114 931 2198 sumpsit
948 2112 1009 2177 sibi
1140 2124 1175 2178 1o

155 2214 196 2278 In
212 2213 387 2299 Adelphos,
405 2213 539 2279 uerbum
557 2213 596 2278 do
614 2213 713 2279 uerbo
731 2236 915 2299 expressum
937 2214 1058 2279 extulit.

156 2315 238 2381 Eam
256 2316 315 2381 nos
333 2315 432 2380 acturi
450 2317 559 2382 simus
575 2339 707 2381 nouamz
727 2315 902 2403 pemosuite

156 2418 332 2484 Furtumne
349 2418 470 2484 factum
486 2418 680 2485 existumetis
698 2422 739 2484 tiu
757 2419 862 2485 locum

155 2521 365 2607 Reprensum,
383 2520 438 2605 qui
454 2521 641 2606 praeteritus
658 2520 895 2607 neclegentiust.

119 2624 241 2689 1⁵Nam
258 2622 344 2708 quod
360 2623 413 2687 isti
431 2622 539 2688 dicunt
555 2623 706 2702 miliuoli,
723 2622 867 2689 homiues
883 2623 996 2688 nobilis
1140 2635 1174 2689 15

157 2725 249 2790 Hune
266 2725 408 2790 ldiutare
426 2724 620 2809 adsidueque
637 2749 702 2791 unu
719 2725 870 2792 scribere:

112 2846 115 2853 ·
158 2826 255 2908 Quod
272 2826 317 2891 illi
334 2826 536 2892 maledictum
552 2828 724 2894 uehemens
743 2850 812 2895 esse
830 2829 1029 2906 existumant,
1135 2852 1138 2859 ·

157 2929 240 2995 Eam
257 2928 383 2994 laidem
400 2930 451 2995 hic
469 2929 555 2994 ducit
572 2933 764 3008 minumum,
782 2952 878 3015 quom
895 2928 957 2994 illis
974 2931 1088 3016 placet,

158 3030 223 3113 Qui
241 3030 330 3096 uobis
348 3030 503 3098 uniuorsis
521 3044 553 3099 et
570 3033 687 3119 populi
703 3035 840 3119 placent,

118 3124 302 3215 so‘Quorum
320 3134 415 3220 opera
431 3134 464 3200 in
481 3135 575 3210 bello,
593 3136 626 3200 in
642 3136 714 3211 otio,
731 3134 764 3200 in
781 3133 908 3222 negotio
1139 3147 1175 3204 20

158 3235 225 3302 Suo
243 3238 377 3321 quisque
395 3247 535 3324 tempore
551 3238 643 3302 sisust
660 3236 728 3303 sine
746 3236 903 3322 superbia.

156 3338 285 3404 Dehinc
301 3361 342 3404 ns
359 3339 531 3424 expectetis
548 3341 772 3424 iugumentum
789 3338 931 3404 fibulae:

158 3440 259 3507 Senes
277 3440 333 3525 qui
349 3440 441 3526 primi
458 3441 597 3518 uenient,
616 3439 646 3506 ei
663 3452 785 3527 partem
801 3441 953 3526 iperient,

157 3543 197 3608 In
215 3541 339 3628 agendo
356 3553 476 3627 partem
494 3543 670 3609 ostendent.
704 3543 801 3609 facite
818 3541 1045 3626 aequanimitas

158 3661 176 3698 1
294 3661 313 3698 1
431 3661 449 3696 1
551 3661 569 3698 1
689 3664 707 3701 1
828 3663 846 3700 1

119 3765 146 3809 ss
158 3742 277 3812 Politae
296 3745 337 3811 ad
355 3745 556 3813 scribendum
573 3747 688 3834 uigeat
706 3747 902 3814 industriam.
1139 3761 1175 3815 25
