<?xml version="1.0" encoding="UTF-8"?>
<!DOCTYPE html PUBLIC "-//W3C//DTD XHTML 1.0 Transitional//EN"
    "http://www.w3.org/TR/xhtml1/DTD/xhtml1-transitional.dtd">
<html xmlns="http://www.w3.org/1999/xhtml" xml:lang="en" lang="en">
 <head>
  <title>
</title>
<meta http-equiv="Content-Type" content="text/html;charset=utf-8" />
  <meta name='ocr-system' content='tesseract 3.04.00' />
  <meta name='ocr-capabilities' content='ocr_page ocr_carea ocr_par ocr_line ocrx_word'/>
</head>
<body>
  <div class='ocr_page' id='page_1' title='image "./comoediae00lindgoog_0134.png"; bbox 0 0 2602 4432; ppageno 0'>
   <div class='ocr_carea' id='block_1_1' title="bbox 99 221 1133 305">
    <p class='ocr_par' dir='ltr' id='par_1_1' title="bbox 99 221 1133 305">
     <span class='ocr_line' id='line_1_1' title="bbox 99 221 1133 305; baseline -0.007 -14"><span class='ocrx_word' id='word_1_1' title='bbox 99 222 167 305; x_wconf 78' lang='lat' dir='ltr'>v‚1&#39;</span> <span class='ocrx_word' id='word_1_2' title='bbox 403 235 594 291; x_wconf 70' lang='lat' dir='ltr'><strong>munos</strong></span> <span class='ocrx_word' id='word_1_3' title='bbox 610 234 891 291; x_wconf 69' lang='lat' dir='ltr'><strong>monmffsos</strong></span> <span class='ocrx_word' id='word_1_4' title='bbox 1092 221 1133 285; x_wconf 67' lang='lat' dir='ltr'><strong>st·</strong></span> 
     </span>
    </p>
   </div>
   <div class='ocr_carea' id='block_1_2' title="bbox 112 355 1203 4080">
    <p class='ocr_par' dir='ltr' id='par_1_2' title="bbox 241 355 1132 516">
     <span class='ocr_line' id='line_1_2' title="bbox 241 355 1132 516; baseline -0.004 -93"><span class='ocrx_word' id='word_1_5' title='bbox 241 357 308 425; x_wconf 82' lang='lat' dir='ltr'><strong>Dio</strong></span> <span class='ocrx_word' id='word_1_6' title='bbox 336 357 430 436; x_wconf 87' lang='lat' dir='ltr'><strong>mihi,</strong></span> <span class='ocrx_word' id='word_1_7' title='bbox 466 355 705 516; x_wconf 68' lang='lat' dir='ltr'><strong>Clinistquae</strong></span> <span class='ocrx_word' id='word_1_8' title='bbox 731 358 797 421; x_wconf 81' lang='lat' dir='ltr'><strong>dixi</strong></span> <span class='ocrx_word' id='word_1_9' title='bbox 827 358 1019 421; x_wconf 70' lang='lat' dir='ltr'><strong>ndntimin?</strong></span> <span class='ocrx_word' id='word_1_10' title='bbox 1064 357 1132 420; x_wconf 76' lang='lat' dir='ltr'><strong>Mn.</strong></span> 
     </span>
     <span class='ocr_line' id='line_1_3' title="bbox 621 474 717 515; baseline 0 0"><span class='ocrx_word' id='word_1_11' title='bbox 621 474 717 515; x_wconf 78' lang='lat' dir='ltr'><strong>mnis.</strong></span> 
     </span>
    </p>

    <p class='ocr_par' dir='ltr' id='par_1_3' title="bbox 154 543 1203 725">
     <span class='ocr_line' id='line_1_4' title="bbox 154 543 1203 631; baseline -0.007 -19"><span class='ocrx_word' id='word_1_12' title='bbox 154 543 218 612; x_wconf 67' lang='lat' dir='ltr'><strong>cs</strong></span> <span class='ocrx_word' id='word_1_13' title='bbox 241 545 332 627; x_wconf 85' lang='lat' dir='ltr'><strong>Quid</strong></span> <span class='ocrx_word' id='word_1_14' title='bbox 357 545 420 610; x_wconf 77' lang='lat' dir='ltr'><strong>nit?</strong></span> <span class='ocrx_word' id='word_1_15' title='bbox 452 545 521 609; x_wconf 79' lang='lat' dir='ltr'><strong>Mn</strong></span> <span class='ocrx_word' id='word_1_16' title='bbox 544 543 698 611; x_wconf 76' lang='lat' dir='ltr'><strong>Gaudere</strong></span> <span class='ocrx_word' id='word_1_17' title='bbox 718 545 800 610; x_wconf 73' lang='lat' dir='ltr'><strong>ideo</strong></span> <span class='ocrx_word' id='word_1_18' title='bbox 824 546 939 631; x_wconf 83' lang='lat' dir='ltr'><strong>eoepit,</strong></span> <span class='ocrx_word' id='word_1_19' title='bbox 963 546 1055 629; x_wconf 71' lang='lat' dir='ltr'><strong>quisi</strong></span> <span class='ocrx_word' id='word_1_20' title='bbox 1076 545 1132 628; x_wconf 89' lang='lat' dir='ltr'><strong>qni</strong></span> <span class='ocrx_word' id='word_1_21' title='bbox 1150 550 1203 605; x_wconf 61' lang='lat'><strong>356</strong></span> 
     </span>
     <span class='ocr_line' id='line_1_5' title="bbox 584 640 870 725; baseline -0.003 -22"><span class='ocrx_word' id='word_1_22' title='bbox 584 640 717 724; x_wconf 87' lang='lat' dir='ltr'><strong>cupiunt</strong></span> <span class='ocrx_word' id='word_1_23' title='bbox 733 641 870 725; x_wconf 60' lang='lat' dir='ltr'><strong>nuptia.</strong></span> 
     </span>
    </p>

    <p class='ocr_par' dir='ltr' id='par_1_4' title="bbox 155 730 1131 910">
     <span class='ocr_line' id='line_1_6' title="bbox 155 730 1131 814; baseline -0.002 -17"><span class='ocrx_word' id='word_1_24' title='bbox 155 730 217 799; x_wconf 78' lang='lat' dir='ltr'><strong>Cn.</strong></span> <span class='ocrx_word' id='word_1_25' title='bbox 240 732 410 797; x_wconf 69' lang='lat' dir='ltr'><strong>Hdhahoe.</strong></span> <span class='ocrx_word' id='word_1_26' title='bbox 453 733 523 796; x_wconf 80' lang='lat' dir='ltr'><strong>Mn</strong></span> <span class='ocrx_word' id='word_1_27' title='bbox 549 732 639 814; x_wconf 78' lang='lat' dir='ltr'><strong>Quid</strong></span> <span class='ocrx_word' id='word_1_28' title='bbox 661 732 777 796; x_wconf 60' lang='lat' dir='ltr'><strong>risisti?</strong></span> <span class='ocrx_word' id='word_1_29' title='bbox 816 731 876 796; x_wconf 87' lang='lat' dir='ltr'><strong>Cn.</strong></span> <span class='ocrx_word' id='word_1_30' title='bbox 900 730 993 797; x_wconf 87' lang='lat' dir='ltr'><strong>Serui</strong></span> <span class='ocrx_word' id='word_1_31' title='bbox 1015 734 1131 796; x_wconf 88' lang='lat' dir='ltr'><strong>ue&#39;nere</strong></span> 
     </span>
     <span class='ocr_line' id='line_1_7' title="bbox 584 824 867 910; baseline 0.004 -21"><span class='ocrx_word' id='word_1_32' title='bbox 584 826 617 890; x_wconf 91' lang='lat' dir='ltr'><strong>in</strong></span> <span class='ocrx_word' id='word_1_33' title='bbox 636 828 776 889; x_wconf 72' lang='lat' dir='ltr'><strong>mentem</strong></span> <span class='ocrx_word' id='word_1_34' title='bbox 794 824 867 910; x_wconf 68' lang='lat' dir='ltr'><strong>Syri</strong></span> 
     </span>
    </p>

    <p class='ocr_par' dir='ltr' id='par_1_5' title="bbox 112 899 1199 2315">
     <span class='ocr_line' id='line_1_8' title="bbox 241 899 1131 1002; baseline -0.003 -18"><span class='ocrx_word' id='word_1_35' title='bbox 241 916 453 984; x_wconf 79' lang='lat' dir='ltr'><strong>Ctlliditates.</strong></span> <span class='ocrx_word' id='word_1_36' title='bbox 501 918 570 984; x_wconf 85' lang='lat' dir='ltr'><strong>Mn.</strong></span> <span class='ocrx_word' id='word_1_37' title='bbox 601 899 713 982; x_wconf 81' lang='lat' dir='ltr'><strong>itane?</strong></span> <span class='ocrx_word' id='word_1_38' title='bbox 760 917 822 982; x_wconf 87' lang='lat' dir='ltr'><strong>Cn.</strong></span> <span class='ocrx_word' id='word_1_39' title='bbox 856 920 970 983; x_wconf 86' lang='lat' dir='ltr'><strong>Voltus</strong></span> <span class='ocrx_word' id='word_1_40' title='bbox 1005 922 1131 1002; x_wconf 68' lang='lat' dir='ltr'><strong>quoque</strong></span> 
     </span>
     <span class='ocr_line' id='line_1_9' title="bbox 583 1010 987 1096; baseline -0.002 -22"><span class='ocrx_word' id='word_1_41' title='bbox 583 1010 748 1076; x_wconf 88' lang='lat' dir='ltr'><strong>hominum</strong></span> <span class='ocrx_word' id='word_1_42' title='bbox 765 1013 857 1096; x_wconf 75' lang='lat' dir='ltr'><strong>lingit</strong></span> <span class='ocrx_word' id='word_1_43' title='bbox 874 1013 987 1076; x_wconf 73' lang='lat' dir='ltr'><strong>scelus.</strong></span> 
     </span>
     <span class='ocr_line' id='line_1_10' title="bbox 112 1103 1129 1189; baseline 0 -23"><span class='ocrx_word' id='word_1_44' title='bbox 112 1123 141 1166; x_wconf 82' lang='lat' dir='ltr'><strong>ts</strong></span> <span class='ocrx_word' id='word_1_45' title='bbox 152 1106 223 1170; x_wconf 99' lang='lat' dir='ltr'><strong>Mn.</strong></span> <span class='ocrx_word' id='word_1_46' title='bbox 244 1104 468 1189; x_wconf 72' lang='lat' dir='ltr'><strong>Gndtusquod</strong></span> <span class='ocrx_word' id='word_1_47' title='bbox 483 1128 518 1170; x_wconf 88' lang='lat' dir='ltr'><strong>se</strong></span> <span class='ocrx_word' id='word_1_48' title='bbox 531 1105 700 1169; x_wconf 70' lang='lat' dir='ltr'><strong>adsimulat</strong></span> <span class='ocrx_word' id='word_1_49' title='bbox 715 1107 844 1182; x_wconf 87' lang='lat' dir='ltr'><strong>laetum,</strong></span> <span class='ocrx_word' id='word_1_50' title='bbox 854 1106 887 1169; x_wconf 90' lang='lat' dir='ltr'><strong>id</strong></span> <span class='ocrx_word' id='word_1_51' title='bbox 896 1106 992 1169; x_wconf 76' lang='lat' dir='ltr'><strong>dieis?</strong></span> <span class='ocrx_word' id='word_1_52' title='bbox 1010 1103 1070 1169; x_wconf 80' lang='lat' dir='ltr'><strong>Cn.</strong></span> <span class='ocrx_word' id='word_1_53' title='bbox 1082 1105 1129 1167; x_wconf 90' lang='lat' dir='ltr'><strong>ld.</strong></span> 
     </span>
     <span class='ocr_line' id='line_1_11' title="bbox 581 1199 959 1264; baseline -0.003 -2"><span class='ocrx_word' id='word_1_54' title='bbox 581 1199 650 1262; x_wconf 81' lang='lat' dir='ltr'><strong>Mn.</strong></span> <span class='ocrx_word' id='word_1_55' title='bbox 674 1200 766 1264; x_wconf 88' lang='lat' dir='ltr'>Idem</span> <span class='ocrx_word' id='word_1_56' title='bbox 783 1200 865 1263; x_wconf 82' lang='lat' dir='ltr'><strong>istite</strong></span> <span class='ocrx_word' id='word_1_57' title='bbox 883 1199 959 1262; x_wconf 90' lang='lat' dir='ltr'><strong>mihi</strong></span> 
     </span>
     <span class='ocr_line' id='line_1_12' title="bbox 241 1289 1129 1377; baseline -0.008 -16"><span class='ocrx_word' id='word_1_58' title='bbox 241 1293 341 1361; x_wconf 80' lang='lat' dir='ltr'><strong>Vdnit</strong></span> <span class='ocrx_word' id='word_1_59' title='bbox 358 1292 391 1357; x_wconf 92' lang='lat' dir='ltr'><strong>in</strong></span> <span class='ocrx_word' id='word_1_60' title='bbox 408 1294 557 1358; x_wconf 72' lang='lat' dir='ltr'><strong>mentem.</strong></span> <span class='ocrx_word' id='word_1_61' title='bbox 589 1289 651 1357; x_wconf 81' lang='lat' dir='ltr'><strong>Cn</strong></span> <span class='ocrx_word' id='word_1_62' title='bbox 670 1295 847 1359; x_wconf 77' lang='lat' dir='ltr'><strong>Veterator.</strong></span> <span class='ocrx_word' id='word_1_63' title='bbox 878 1293 945 1356; x_wconf 78' lang='lat' dir='ltr'><strong>Mn.</strong></span> <span class='ocrx_word' id='word_1_64' title='bbox 966 1292 1084 1377; x_wconf 81' lang='lat' dir='ltr'><strong>Ma&#39;gis,</strong></span> <span class='ocrx_word' id='word_1_65' title='bbox 1103 1292 1129 1354; x_wconf 75' lang='lat' dir='ltr'><strong>si</strong></span> 
     </span>
     <span class='ocr_line' id='line_1_13' title="bbox 582 1386 911 1472; baseline 0.003 -23"><span class='ocrx_word' id='word_1_66' title='bbox 582 1386 686 1472; x_wconf 81' lang='lat' dir='ltr'><strong>magis</strong></span> <span class='ocrx_word' id='word_1_67' title='bbox 703 1391 799 1462; x_wconf 79' lang='lat' dir='ltr'><strong>noris,</strong></span> <span class='ocrx_word' id='word_1_68' title='bbox 817 1406 911 1471; x_wconf 85' lang='lat' dir='ltr'><strong>putes</strong></span> 
     </span>
     <span class='ocr_line' id='line_1_14' title="bbox 240 1463 1199 1562; baseline -0.008 -16"><span class='ocrx_word' id='word_1_69' title='bbox 240 1463 293 1546; x_wconf 87' lang='lat' dir='ltr'><strong>lta</strong></span> <span class='ocrx_word' id='word_1_70' title='bbox 310 1503 377 1546; x_wconf 82' lang='lat' dir='ltr'><strong>rem</strong></span> <span class='ocrx_word' id='word_1_71' title='bbox 395 1502 474 1546; x_wconf 85' lang='lat' dir='ltr'><strong>esse.</strong></span> <span class='ocrx_word' id='word_1_72' title='bbox 498 1478 559 1545; x_wconf 83' lang='lat' dir='ltr'><strong>On.</strong></span> <span class='ocrx_word' id='word_1_73' title='bbox 574 1480 641 1544; x_wconf 83' lang='lat' dir='ltr'><strong>Ain</strong></span> <span class='ocrx_word' id='word_1_74' title='bbox 659 1481 713 1544; x_wconf 81' lang='lat' dir='ltr'><strong>tu?</strong></span> <span class='ocrx_word' id='word_1_75' title='bbox 733 1481 802 1544; x_wconf 80' lang='lat' dir='ltr'><strong>Mn</strong></span> <span class='ocrx_word' id='word_1_76' title='bbox 817 1480 905 1562; x_wconf 85' lang='lat' dir='ltr'><strong>Quin</strong></span> <span class='ocrx_word' id='word_1_77' title='bbox 923 1498 958 1544; x_wconf 92' lang='lat' dir='ltr'><strong>tu</strong></span> <span class='ocrx_word' id='word_1_78' title='bbox 975 1479 1128 1543; x_wconf 80' lang='lat' dir='ltr'><strong>ausculta.</strong></span> <span class='ocrx_word' id='word_1_79' title='bbox 1145 1484 1199 1538; x_wconf 81' lang='grc'><strong>800</strong></span> 
     </span>
     <span class='ocr_line' id='line_1_15' title="bbox 583 1571 1129 1658; baseline -0.004 -19"><span class='ocrx_word' id='word_1_80' title='bbox 583 1571 644 1639; x_wconf 70' lang='lat' dir='ltr'><strong>On</strong></span> <span class='ocrx_word' id='word_1_81' title='bbox 657 1574 757 1639; x_wconf 75' lang='lat' dir='ltr'><strong>Mine</strong></span> <span class='ocrx_word' id='word_1_82' title='bbox 770 1579 853 1651; x_wconf 83' lang='lat' dir='ltr'><strong>dum,</strong></span> <span class='ocrx_word' id='word_1_83' title='bbox 871 1574 931 1638; x_wconf 89' lang='lat' dir='ltr'><strong>hoc</strong></span> <span class='ocrx_word' id='word_1_84' title='bbox 948 1574 1036 1658; x_wconf 88' lang='lat' dir='ltr'><strong>prius</strong></span> <span class='ocrx_word' id='word_1_85' title='bbox 1049 1572 1129 1637; x_wconf 83' lang='lat' dir='ltr'><strong>scire</strong></span> 
     </span>
     <span class='ocr_line' id='line_1_16' title="bbox 582 1669 707 1754; baseline 0 -22"><span class='ocrx_word' id='word_1_86' title='bbox 582 1669 707 1754; x_wconf 70' lang='lat' dir='ltr'><strong>expeto,</strong></span> 
     </span>
     <span class='ocr_line' id='line_1_17' title="bbox 241 1760 1129 1848; baseline -0.005 -20"><span class='ocrx_word' id='word_1_87' title='bbox 241 1760 331 1844; x_wconf 78' lang='lat' dir='ltr'><strong>Quid</strong></span> <span class='ocrx_word' id='word_1_88' title='bbox 356 1760 539 1848; x_wconf 76' lang='lat' dir='ltr'>perdideris.</span> <span class='ocrx_word' id='word_1_89' title='bbox 574 1784 650 1825; x_wconf 80' lang='lat' dir='ltr'><strong>nom</strong></span> <span class='ocrx_word' id='word_1_90' title='bbox 676 1762 732 1826; x_wconf 79' lang='lat' dir='ltr'><strong>ibi</strong></span> <span class='ocrx_word' id='word_1_91' title='bbox 758 1762 947 1847; x_wconf 76' lang='lat' dir='ltr'><strong>desponsam</strong></span> <span class='ocrx_word' id='word_1_92' title='bbox 977 1761 1129 1826; x_wconf 81' lang='lat' dir='ltr'><strong>nintiasti</strong></span> 
     </span>
     <span class='ocr_line' id='line_1_18' title="bbox 580 1855 659 1932; baseline 0.013 -14"><span class='ocrx_word' id='word_1_93' title='bbox 580 1855 659 1932; x_wconf 88' lang='lat' dir='ltr'><strong>filio,</strong></span> 
     </span>
     <span class='ocr_line' id='line_1_19' title="bbox 241 1947 1127 2015; baseline -0.003 0"><span class='ocrx_word' id='word_1_94' title='bbox 241 1947 401 2015; x_wconf 80' lang='lat' dir='ltr'><strong>Cdntinuo</strong></span> <span class='ocrx_word' id='word_1_95' title='bbox 431 1948 576 2014; x_wconf 80' lang='lat' dir='ltr'><strong>iniecisse</strong></span> <span class='ocrx_word' id='word_1_96' title='bbox 611 1949 711 2015; x_wconf 83' lang='lat' dir='ltr'><strong>uerba</strong></span> <span class='ocrx_word' id='word_1_97' title='bbox 745 1949 803 2013; x_wconf 85' lang='lat' dir='ltr'><strong>tibi</strong></span> <span class='ocrx_word' id='word_1_98' title='bbox 833 1948 1030 2014; x_wconf 89' lang='lat' dir='ltr'><strong>Dromonem</strong></span> <span class='ocrx_word' id='word_1_99' title='bbox 1067 1951 1127 2013; x_wconf 86' lang='lat' dir='ltr'><strong>sei-</strong></span> 
     </span>
     <span class='ocr_line' id='line_1_20' title="bbox 580 2043 664 2119; baseline 0.012 -13"><span class='ocrx_word' id='word_1_100' title='bbox 580 2043 664 2119; x_wconf 85' lang='lat' dir='ltr'><strong>licet,</strong></span> 
     </span>
     <span class='ocr_line' id='line_1_21' title="bbox 113 2135 1124 2223; baseline 0.001 -25"><span class='ocrx_word' id='word_1_101' title='bbox 113 2159 141 2198; x_wconf 80' lang='lat' dir='ltr'><strong>so</strong></span> <span class='ocrx_word' id='word_1_102' title='bbox 242 2135 384 2223; x_wconf 74' lang='lat' dir='ltr'><strong>Sponsae</strong></span> <span class='ocrx_word' id='word_1_103' title='bbox 401 2146 524 2201; x_wconf 87' lang='lat' dir='ltr'><strong>uestem</strong></span> <span class='ocrx_word' id='word_1_104' title='bbox 542 2159 656 2200; x_wconf 86' lang='lat' dir='ltr'><strong>aurum</strong></span> <span class='ocrx_word' id='word_1_105' title='bbox 677 2139 773 2220; x_wconf 74' lang='lat' dir='ltr'><strong>itque</strong></span> <span class='ocrx_word' id='word_1_106' title='bbox 791 2136 921 2200; x_wconf 80' lang='lat' dir='ltr'><strong>ancillas</strong></span> <span class='ocrx_word' id='word_1_107' title='bbox 944 2137 1024 2220; x_wconf 79' lang='lat' dir='ltr'><strong>dpus</strong></span> <span class='ocrx_word' id='word_1_108' title='bbox 1042 2159 1124 2200; x_wconf 86' lang='lat' dir='ltr'><strong>esse:</strong></span> 
     </span>
     <span class='ocr_line' id='line_1_22' title="bbox 580 2231 920 2315; baseline 0 -20"><span class='ocrx_word' id='word_1_109' title='bbox 580 2243 747 2315; x_wconf 84' lang='lat' dir='ltr'><strong>argentum</strong></span> <span class='ocrx_word' id='word_1_110' title='bbox 765 2232 800 2294; x_wconf 81' lang='lat' dir='ltr'><strong>tit</strong></span> <span class='ocrx_word' id='word_1_111' title='bbox 818 2231 920 2295; x_wconf 84' lang='lat' dir='ltr'><strong>dares.</strong></span> 
     </span>
    </p>

    <p class='ocr_par' dir='ltr' id='par_1_6' title="bbox 151 2321 1124 2596">
     <span class='ocr_line' id='line_1_23' title="bbox 151 2321 1124 2407; baseline -0.004 -16"><span class='ocrx_word' id='word_1_112' title='bbox 151 2326 220 2391; x_wconf 89' lang='lat' dir='ltr'><strong>Mn.</strong></span> <span class='ocrx_word' id='word_1_113' title='bbox 239 2324 321 2389; x_wconf 84' lang='lat' dir='ltr'><strong>Ndn.</strong></span> <span class='ocrx_word' id='word_1_114' title='bbox 358 2322 418 2389; x_wconf 85' lang='lat' dir='ltr'><strong>Cn.</strong></span> <span class='ocrx_word' id='word_1_115' title='bbox 441 2322 549 2404; x_wconf 82' lang='lat' dir='ltr'><strong>Quid?</strong></span> <span class='ocrx_word' id='word_1_116' title='bbox 575 2324 658 2388; x_wconf 84' lang='lat' dir='ltr'><strong>non?</strong></span> <span class='ocrx_word' id='word_1_117' title='bbox 696 2324 764 2388; x_wconf 89' lang='lat' dir='ltr'><strong>Mn.</strong></span> <span class='ocrx_word' id='word_1_118' title='bbox 786 2324 860 2388; x_wconf 92' lang='lat' dir='ltr'><strong>Non</strong></span> <span class='ocrx_word' id='word_1_119' title='bbox 881 2327 1021 2407; x_wconf 84' lang='lat' dir='ltr'><strong>inquam.</strong></span> <span class='ocrx_word' id='word_1_120' title='bbox 1064 2321 1124 2387; x_wconf 76' lang='lat' dir='ltr'><strong>Cn</strong></span> 
     </span>
     <span class='ocr_line' id='line_1_24' title="bbox 577 2417 1124 2503; baseline -0.004 -21"><span class='ocrx_word' id='word_1_121' title='bbox 577 2417 691 2501; x_wconf 88' lang='lat' dir='ltr'><strong>Neque</strong></span> <span class='ocrx_word' id='word_1_122' title='bbox 715 2418 784 2503; x_wconf 87' lang='lat' dir='ltr'><strong>ipse</strong></span> <span class='ocrx_word' id='word_1_123' title='bbox 810 2419 944 2502; x_wconf 69' lang='lat' dir='ltr'><strong>gustus?</strong></span> <span class='ocrx_word' id='word_1_124' title='bbox 978 2417 1046 2480; x_wconf 83' lang='lat' dir='ltr'><strong>Mn.</strong></span> <span class='ocrx_word' id='word_1_125' title='bbox 1071 2418 1124 2481; x_wconf 77' lang='lat' dir='ltr'><strong>Nil</strong></span> 
     </span>
     <span class='ocr_line' id='line_1_25' title="bbox 577 2510 914 2596; baseline -0.003 -20"><span class='ocrx_word' id='word_1_126' title='bbox 577 2512 732 2596; x_wconf 80' lang='lat' dir='ltr'><strong>prorstim,</strong></span> <span class='ocrx_word' id='word_1_127' title='bbox 752 2510 914 2577; x_wconf 79' lang='lat' dir='ltr'><strong>Chremes,</strong></span> 
     </span>
    </p>

    <p class='ocr_par' dir='ltr' id='par_1_7' title="bbox 237 2604 1192 2784">
     <span class='ocr_line' id='line_1_26' title="bbox 237 2604 1192 2692; baseline -0.004 -21"><span class='ocrx_word' id='word_1_128' title='bbox 237 2605 346 2692; x_wconf 74' lang='lat' dir='ltr'><strong>Mtgis</strong></span> <span class='ocrx_word' id='word_1_129' title='bbox 363 2628 464 2670; x_wconf 90' lang='lat' dir='ltr'><strong>unum</strong></span> <span class='ocrx_word' id='word_1_130' title='bbox 481 2604 577 2671; x_wconf 83' lang='lat' dir='ltr'><strong>etiam</strong></span> <span class='ocrx_word' id='word_1_131' title='bbox 599 2605 726 2682; x_wconf 71' lang='lat' dir='ltr'><strong>instdro,</strong></span> <span class='ocrx_word' id='word_1_132' title='bbox 750 2618 785 2671; x_wconf 90' lang='lat' dir='ltr'><strong>ut</strong></span> <span class='ocrx_word' id='word_1_133' title='bbox 802 2605 897 2671; x_wconf 86' lang='lat' dir='ltr'><strong>hodie</strong></span> <span class='ocrx_word' id='word_1_134' title='bbox 921 2605 1124 2670; x_wconf 79' lang='lat' dir='ltr'><strong>conficiantur</strong></span> <span class='ocrx_word' id='word_1_135' title='bbox 1140 2612 1192 2667; x_wconf 85' lang='grc'><strong>805</strong></span> 
     </span>
     <span class='ocr_line' id='line_1_27' title="bbox 578 2700 717 2784; baseline 0.014 -21"><span class='ocrx_word' id='word_1_136' title='bbox 578 2700 717 2784; x_wconf 80' lang='lat' dir='ltr'><strong>niptiae.</strong></span> 
     </span>
    </p>

    <p class='ocr_par' dir='ltr' id='par_1_8' title="bbox 153 2792 1123 2981">
     <span class='ocr_line' id='line_1_28' title="bbox 153 2792 1123 2877; baseline -0.003 -18"><span class='ocrx_word' id='word_1_137' title='bbox 153 2793 215 2860; x_wconf 80' lang='lat' dir='ltr'><strong>On.</strong></span> <span class='ocrx_word' id='word_1_138' title='bbox 237 2793 324 2858; x_wconf 82' lang='lat' dir='ltr'><strong>Mira</strong></span> <span class='ocrx_word' id='word_1_139' title='bbox 348 2814 465 2858; x_wconf 83' lang='lat' dir='ltr'><strong>narras.</strong></span> <span class='ocrx_word' id='word_1_140' title='bbox 498 2793 574 2876; x_wconf 85' lang='lat' dir='ltr'><strong>quid</strong></span> <span class='ocrx_word' id='word_1_141' title='bbox 602 2792 703 2876; x_wconf 85' lang='lat' dir='ltr'><strong>Syrus</strong></span> <span class='ocrx_word' id='word_1_142' title='bbox 733 2794 842 2859; x_wconf 85' lang='lat' dir='ltr'><strong>meus?</strong></span> <span class='ocrx_word' id='word_1_143' title='bbox 872 2816 912 2858; x_wconf 88' lang='lat' dir='ltr'><strong>ne</strong></span> <span class='ocrx_word' id='word_1_144' title='bbox 941 2794 968 2857; x_wconf 85' lang='lat' dir='ltr'><strong>is</strong></span> <span class='ocrx_word' id='word_1_145' title='bbox 995 2793 1123 2877; x_wconf 90' lang='lat' dir='ltr'><strong>quidem</strong></span> 
     </span>
     <span class='ocr_line' id='line_1_29' title="bbox 575 2887 988 2981; baseline -0.002 -30"><span class='ocrx_word' id='word_1_146' title='bbox 575 2887 784 2981; x_wconf 34' lang='lat' dir='ltr'><strong>quioqudmil</strong></span> <span class='ocrx_word' id='word_1_147' title='bbox 800 2888 867 2951; x_wconf 90' lang='lat' dir='ltr'><strong>Mn.</strong></span> <span class='ocrx_word' id='word_1_148' title='bbox 891 2887 988 2950; x_wconf 92' lang='lat' dir='ltr'><strong>Nihil.</strong></span> 
     </span>
    </p>

    <p class='ocr_par' dir='ltr' id='par_1_9' title="bbox 153 2980 1120 3159">
     <span class='ocr_line' id='line_1_30' title="bbox 153 2980 1120 3064; baseline -0.003 -17"><span class='ocrx_word' id='word_1_149' title='bbox 153 2981 213 3047; x_wconf 76' lang='lat' dir='ltr'><strong>Cn</strong></span> <span class='ocrx_word' id='word_1_150' title='bbox 237 2981 345 3064; x_wconf 81' lang='lat' dir='ltr'><strong>Quam</strong></span> <span class='ocrx_word' id='word_1_151' title='bbox 363 2980 403 3045; x_wconf 84' lang='lat' dir='ltr'><strong>db</strong></span> <span class='ocrx_word' id='word_1_152' title='bbox 421 3003 498 3057; x_wconf 88' lang='lat' dir='ltr'><strong>rem,</strong></span> <span class='ocrx_word' id='word_1_153' title='bbox 516 2981 633 3046; x_wconf 85' lang='lat' dir='ltr'><strong>nescio.</strong></span> <span class='ocrx_word' id='word_1_154' title='bbox 672 2981 741 3046; x_wconf 91' lang='lat' dir='ltr'><strong>Mn.</strong></span> <span class='ocrx_word' id='word_1_155' title='bbox 764 2981 924 3064; x_wconf 84' lang='lat' dir='ltr'><strong>Equidem</strong></span> <span class='ocrx_word' id='word_1_156' title='bbox 942 2980 1047 3057; x_wconf 90' lang='lat' dir='ltr'><strong>miror,</strong></span> <span class='ocrx_word' id='word_1_157' title='bbox 1065 2981 1120 3064; x_wconf 90' lang='lat' dir='ltr'><strong>qui</strong></span> 
     </span>
     <span class='ocr_line' id='line_1_31' title="bbox 574 3074 938 3159; baseline -0.003 -21"><span class='ocrx_word' id='word_1_158' title='bbox 574 3074 637 3139; x_wconf 76' lang='lat' dir='ltr'><strong>tlia</strong></span> <span class='ocrx_word' id='word_1_159' title='bbox 654 3086 719 3139; x_wconf 86' lang='lat' dir='ltr'><strong>tam</strong></span> <span class='ocrx_word' id='word_1_160' title='bbox 736 3076 829 3159; x_wconf 86' lang='lat' dir='ltr'><strong>plano&#39;</strong></span> <span class='ocrx_word' id='word_1_161' title='bbox 847 3075 938 3139; x_wconf 81' lang='lat' dir='ltr'><strong>scias.</strong></span> 
     </span>
    </p>

    <p class='ocr_par' dir='ltr' id='par_1_10' title="bbox 112 3165 1119 3338">
     <span class='ocr_line' id='line_1_32' title="bbox 112 3165 1119 3253; baseline 0.004 -26"><span class='ocrx_word' id='word_1_162' title='bbox 112 3186 139 3227; x_wconf 79' lang='lat' dir='ltr'><strong>ss</strong></span> <span class='ocrx_word' id='word_1_163' title='bbox 238 3165 304 3232; x_wconf 75' lang='lat' dir='ltr'><strong>de</strong></span> <span class='ocrx_word' id='word_1_164' title='bbox 329 3168 382 3232; x_wconf 88' lang='lat' dir='ltr'><strong>ille</strong></span> <span class='ocrx_word' id='word_1_165' title='bbox 404 3178 493 3232; x_wconf 91' lang='lat' dir='ltr'><strong>tuom</strong></span> <span class='ocrx_word' id='word_1_166' title='bbox 515 3169 642 3252; x_wconf 68' lang='lat' dir='ltr'><strong>quoquo</strong></span> <span class='ocrx_word' id='word_1_167' title='bbox 666 3165 768 3253; x_wconf 86' lang='lat' dir='ltr'><strong>Syrus</strong></span> <span class='ocrx_word' id='word_1_168' title='bbox 790 3168 906 3233; x_wconf 83' lang='lat' dir='ltr'><strong>eisdem</strong></span> <span class='ocrx_word' id='word_1_169' title='bbox 928 3169 1007 3232; x_wconf 83' lang='lat' dir='ltr'><strong>mire</strong></span> <span class='ocrx_word' id='word_1_170' title='bbox 1030 3168 1119 3232; x_wconf 82' lang='lat' dir='ltr'><strong>linxit</strong></span> 
     </span>
     <span class='ocr_line' id='line_1_33' title="bbox 574 3261 689 3338; baseline 0 -13"><span class='ocrx_word' id='word_1_171' title='bbox 574 3261 689 3338; x_wconf 88' lang='lat' dir='ltr'><strong>fllium,</strong></span> 
     </span>
    </p>

    <p class='ocr_par' dir='ltr' id='par_1_11' title="bbox 234 3335 1120 3515">
     <span class='ocr_line' id='line_1_34' title="bbox 234 3335 1120 3440; baseline 0 -20"><span class='ocrx_word' id='word_1_172' title='bbox 234 3335 280 3420; x_wconf 71' lang='lat' dir='ltr'><strong>Vt</strong></span> <span class='ocrx_word' id='word_1_173' title='bbox 292 3377 332 3420; x_wconf 85' lang='lat' dir='ltr'><strong>ne</strong></span> <span class='ocrx_word' id='word_1_174' title='bbox 345 3355 509 3440; x_wconf 83' lang='lat' dir='ltr'><strong>paulultim</strong></span> <span class='ocrx_word' id='word_1_175' title='bbox 523 3355 651 3439; x_wconf 86' lang='lat' dir='ltr'><strong>quidem</strong></span> <span class='ocrx_word' id='word_1_176' title='bbox 665 3355 790 3419; x_wconf 83' lang='lat' dir='ltr'><strong>subolot</strong></span> <span class='ocrx_word' id='word_1_177' title='bbox 808 3357 878 3421; x_wconf 72' lang='lat' dir='ltr'><strong>esse</strong></span> <span class='ocrx_word' id='word_1_178' title='bbox 892 3356 1025 3420; x_wconf 84' lang='lat' dir='ltr'><strong>amicam</strong></span> <span class='ocrx_word' id='word_1_179' title='bbox 1038 3354 1120 3420; x_wconf 84' lang='lat' dir='ltr'><strong>hano</strong></span> 
     </span>
     <span class='ocr_line' id='line_1_35' title="bbox 575 3447 707 3515; baseline 0 -2"><span class='ocrx_word' id='word_1_180' title='bbox 575 3447 707 3515; x_wconf 80' lang='lat' dir='ltr'><strong>Cliniae.</strong></span> 
     </span>
    </p>

    <p class='ocr_par' dir='ltr' id='par_1_12' title="bbox 151 3541 1188 3724">
     <span class='ocr_line' id='line_1_36' title="bbox 151 3541 1188 3629; baseline -0.002 -20"><span class='ocrx_word' id='word_1_181' title='bbox 151 3541 211 3610; x_wconf 83' lang='lat' dir='ltr'><strong>Cn.</strong></span> <span class='ocrx_word' id='word_1_182' title='bbox 235 3542 322 3624; x_wconf 78' lang='lat' dir='ltr'><strong>Quid</strong></span> <span class='ocrx_word' id='word_1_183' title='bbox 345 3543 429 3629; x_wconf 82' lang='lat' dir='ltr'><strong>agit?</strong></span> <span class='ocrx_word' id='word_1_184' title='bbox 467 3542 536 3607; x_wconf 88' lang='lat' dir='ltr'><strong>Mn.</strong></span> <span class='ocrx_word' id='word_1_185' title='bbox 559 3543 656 3607; x_wconf 85' lang='lat' dir='ltr'><strong>Mitto</strong></span> <span class='ocrx_word' id='word_1_186' title='bbox 681 3545 744 3607; x_wconf 86' lang='lat' dir='ltr'><strong>iam</strong></span> <span class='ocrx_word' id='word_1_187' title='bbox 771 3544 904 3608; x_wconf 83' lang='lat' dir='ltr'><strong>dsoulari</strong></span> <span class='ocrx_word' id='word_1_188' title='bbox 932 3555 1027 3627; x_wconf 85' lang='lat' dir='ltr'><strong>atque</strong></span> <span class='ocrx_word' id='word_1_189' title='bbox 1053 3546 1119 3607; x_wconf 71' lang='lat' dir='ltr'><strong>dm·</strong></span> <span class='ocrx_word' id='word_1_190' title='bbox 1136 3554 1188 3608; x_wconf 88' lang='grc'><strong>900</strong></span> 
     </span>
     <span class='ocr_line' id='line_1_37' title="bbox 574 3636 930 3724; baseline 0.006 -23"><span class='ocrx_word' id='word_1_191' title='bbox 574 3638 709 3722; x_wconf 84' lang='lat' dir='ltr'><strong>plexsri:</strong></span> <span class='ocrx_word' id='word_1_192' title='bbox 731 3636 765 3701; x_wconf 90' lang='lat' dir='ltr'><strong>id</strong></span> <span class='ocrx_word' id='word_1_193' title='bbox 781 3638 826 3702; x_wconf 88' lang='lat' dir='ltr'><strong>nil</strong></span> <span class='ocrx_word' id='word_1_194' title='bbox 843 3649 930 3724; x_wconf 74' lang='lat' dir='ltr'><strong>puto,</strong></span> 
     </span>
    </p>

    <p class='ocr_par' dir='ltr' id='par_1_13' title="bbox 150 3729 1116 3907">
     <span class='ocr_line' id='line_1_38' title="bbox 150 3729 1116 3817; baseline -0.003 -20"><span class='ocrx_word' id='word_1_195' title='bbox 150 3730 210 3797; x_wconf 85' lang='lat' dir='ltr'><strong>Cn.</strong></span> <span class='ocrx_word' id='word_1_196' title='bbox 234 3729 321 3811; x_wconf 81' lang='lat' dir='ltr'><strong>Quld</strong></span> <span class='ocrx_word' id='word_1_197' title='bbox 352 3742 400 3797; x_wconf 82' lang='lat' dir='ltr'><strong>est</strong></span> <span class='ocrx_word' id='word_1_198' title='bbox 426 3731 512 3816; x_wconf 92' lang='lat' dir='ltr'><strong>quod</strong></span> <span class='ocrx_word' id='word_1_199' title='bbox 543 3732 678 3817; x_wconf 80' lang='lat' dir='ltr'><strong>ampliis</strong></span> <span class='ocrx_word' id='word_1_200' title='bbox 710 3731 891 3796; x_wconf 85' lang='lat' dir='ltr'><strong>simuletur?</strong></span> <span class='ocrx_word' id='word_1_201' title='bbox 933 3733 1001 3796; x_wconf 88' lang='lat' dir='ltr'><strong>Mn.</strong></span> <span class='ocrx_word' id='word_1_202' title='bbox 1033 3732 1116 3797; x_wconf 74' lang='lat' dir='ltr'><strong>Vth.</strong></span> 
     </span>
     <span class='ocr_line' id='line_1_39' title="bbox 572 3823 1115 3907; baseline 0 -18"><span class='ocrx_word' id='word_1_203' title='bbox 572 3823 632 3890; x_wconf 84' lang='lat' dir='ltr'><strong>Cn.</strong></span> <span class='ocrx_word' id='word_1_204' title='bbox 643 3825 731 3907; x_wconf 79' lang='lat' dir='ltr'><strong>Quid</strong></span> <span class='ocrx_word' id='word_1_205' title='bbox 745 3826 811 3890; x_wconf 84' lang='lat' dir='ltr'><strong>est?</strong></span> <span class='ocrx_word' id='word_1_206' title='bbox 831 3826 899 3889; x_wconf 87' lang='lat' dir='ltr'><strong>Mn.</strong></span> <span class='ocrx_word' id='word_1_207' title='bbox 910 3826 998 3890; x_wconf 86' lang='lat' dir='ltr'><strong>Audi</strong></span> <span class='ocrx_word' id='word_1_208' title='bbox 1012 3827 1115 3889; x_wconf 79' lang='lat' dir='ltr'><strong>modo,</strong></span> 
     </span>
    </p>

    <p class='ocr_par' dir='ltr' id='par_1_14' title="bbox 233 3901 1115 4080">
     <span class='ocr_line' id='line_1_40' title="bbox 233 3901 1115 4004; baseline 0.001 -20"><span class='ocrx_word' id='word_1_209' title='bbox 233 3901 292 3984; x_wconf 73' lang='lat' dir='ltr'><strong>Est</strong></span> <span class='ocrx_word' id='word_1_210' title='bbox 309 3918 352 3983; x_wconf 91' lang='lat' dir='ltr'><strong>mi</strong></span> <span class='ocrx_word' id='word_1_211' title='bbox 369 3919 402 3983; x_wconf 95' lang='lat' dir='ltr'><strong>in</strong></span> <span class='ocrx_word' id='word_1_212' title='bbox 421 3918 538 3983; x_wconf 83' lang='lat' dir='ltr'><strong>ultimis</strong></span> <span class='ocrx_word' id='word_1_213' title='bbox 555 3918 707 3995; x_wconf 81' lang='lat' dir='ltr'><strong>conclaue</strong></span> <span class='ocrx_word' id='word_1_214' title='bbox 720 3919 798 3983; x_wconf 76' lang='lat' dir='ltr'><strong>hisce</strong></span> <span class='ocrx_word' id='word_1_215' title='bbox 811 3918 942 3984; x_wconf 76' lang='lat' dir='ltr'><strong>aedibus</strong></span> <span class='ocrx_word' id='word_1_216' title='bbox 957 3920 1115 4004; x_wconf 74' lang='lat' dir='ltr'><strong>quoddtitn</strong></span> 
     </span>
     <span class='ocr_line' id='line_1_41' title="bbox 569 4023 667 4080; baseline 0 0"><span class='ocrx_word' id='word_1_217' title='bbox 569 4023 667 4080; x_wconf 81' lang='lat' dir='ltr'><strong>retro:</strong></span> 
     </span>
    </p>
   </div>
   <div class='ocr_carea' id='block_1_3' title="bbox 0 0 1318 4432">
    <p class='ocr_par' dir='ltr' id='par_1_15' title="bbox 0 0 1318 4432">
     <span class='ocr_line' id='line_1_42' title="bbox 0 0 1318 4432; baseline 0 0"><span class='ocrx_word' id='word_1_218' title='bbox 0 0 1318 4432; x_wconf 95' lang='lat' dir='ltr'><strong> </strong></span> 
     </span>
    </p>
   </div>
  </div>
 </body>
</html>
