2602 4432
173 223 238 300 204·
581 244 736 303 suom
1061 249 1068 259 ·
1099 245 1201 317 ·11‚1

172 370 233 434 Lu.
256 370 304 436 Te
321 362 542 434 inmeritoion
557 369 728 454 quicquam
745 391 802 455 pro
815 369 884 435 istis
901 367 994 435 factis
1008 369 1144 456 dignum

597 473 629 528 te
646 464 709 529 dici
725 464 847 548 potest?

103 563 155 617 210
257 556 349 639 Quae
366 579 418 623 me
435 559 468 622 et
485 568 516 622 te
530 567 562 622 et
575 556 727 621 familistm
741 557 922 634 dedecoras,
940 555 1007 620 filio
1020 556 1143 621 luctdm

148 740 151 745 ’
256 745 340 808 Tum
358 753 464 808 autem
482 744 522 808 dx
540 673 780 854 umildidaidimici
794 753 827 807 ut
841 742 903 807 sint
916 743 1006 808 nobis
1020 742 1143 808 adfinds
1193 768 1198 773 ·

257 926 323 1014 Qui
347 931 436 996 illirm
463 838 798 1019 deeremiatmdignum,
824 952 898 996 suos
924 931 999 1015 quoi
1025 931 1143 996 liberos
1157 947 1183 990 rs

595 1028 835 1091 committerent.

257 1119 309 1184 Tu
336 1119 404 1185 sola
429 1141 568 1199 exorere,
599 1121 681 1205 quad
711 1120 876 1228 perturbes
902 1117 981 1208 hoec
1011 1128 1066 1182 tua
1091 1118 1142 1182 in·

173 1307 227 1373 So.
253 1306 367 1394 Egon?
395 1306 457 1371 Le.
476 1307 528 1372 Tu
545 1214 826 1391 lnqpllffinffifier,
844 1307 925 1391 quad
943 1329 994 1371 me
1012 1304 1141 1370 omuino

594 1401 741 1487 lipidem,
758 1423 823 1466 uon
840 1400 1000 1466 hominem
1017 1410 1121 1485 putes.

102 1502 154 1557 215
256 1498 321 1574 Au,
345 1497 420 1580 quia
437 1494 502 1559 ruri
520 1495 635 1604 crebro·
652 1497 721 1605 esse
744 1496 839 1572 soleo,
862 1494 983 1560 nescire
1006 1493 1142 1559 arbitrit-

257 1680 331 1762 Quo
363 1685 496 1766 quisque
525 1611 705 1782 pectldmlldc
735 1684 833 1747 uitem
863 1692 1042 1746 nostrarum
1072 1679 1141 1745 dxi·

653 1776 668 1824 ⁴?

254 1868 359 1933 Mdlto
381 1868 494 1937 melius
520 1869 572 1946 hic
593 1786 675 1953 ddde
700 1869 781 1934 fiunt
801 1890 898 1953 quom
923 1868 968 1932 illi
990 1867 1046 1933 ubi
1067 1890 1139 1932 sum
1153 1887 1179 1928 eo

594 1963 725 2028 adsidue
743 1961 818 2028 scio.

257 2055 351 2144 [Ideo
369 2057 454 2140 quia,
477 2067 511 2122 ut
530 2056 615 2120 dorni
631 2056 708 2121 mihi
726 2078 783 2120 uos
805 2055 901 2133 eritis,
922 2055 1054 2140 proinde
1076 2077 1138 2142 ego

594 2172 647 2215 ero
664 2151 751 2214 fama
767 2148 869 2236 ioris]
1042 2149 1044 2153 ’

254 2245 324 2309 Idm
350 2244 472 2330 pridem
499 2244 645 2328 equidem
671 2243 780 2307 audiui
805 2243 926 2328 cepisse
955 2241 1063 2306 ddium
1089 2242 1138 2307 tui

592 2337 825 2413 Philirmeuam,

253 2434 463 2515 Minumeque
488 2431 567 2496 odeo
594 2441 642 2495 est
666 2432 796 2508 mirum,
823 2441 856 2496 et
880 2430 915 2494 ni
939 2429 973 2495 id
999 2429 1137 2509 fecisset,

593 2525 695 2610 magis
713 2525 827 2587 mirdm
845 2521 941 2602 foret3
1044 2523 1049 2529 ⁴

255 2619 320 2686 de
334 2642 397 2685 non
411 2618 531 2684 credidi
543 2618 633 2695 ddeo,
651 2628 688 2682 ut
701 2619 796 2682 etiam
811 2619 910 2683 totam
923 2618 1005 2684 hanc
1019 2619 1139 2684 odisset

327 2709 330 2716 ’
593 2711 736 2776 domum:
860 2709 862 2712 ’
1046 2764 1048 2772 .

254 2806 350 2890 Qudd
366 2805 393 2870 si
411 2805 551 2881 scissem,
573 2804 627 2867 illa
643 2803 695 2868 hic
712 2814 853 2870 maneret
870 2804 984 2889 potius,
1006 2815 1041 2868 tu
1062 2805 1138 2871 hinc
1152 2824 1179 2866 25

232 2912 235 2917 ·
591 2896 670 2962 isses
687 2897 783 2963 iores.
1154 2918 1162 2925 ·

252 2976 300 3060 Ᾰι
320 2994 404 3071 uide,
431 3014 527 3077 quam
549 2991 694 3056 inmerito
717 2991 881 3078 aegritudo
907 2991 986 3057 haec
1008 2993 1051 3057 mi
1076 2993 1136 3059 dbs

591 3085 768 3161 moriatur,
789 3083 944 3159 Sdstrata:

252 3182 320 3247 Rus
342 3180 519 3245 habitatum
542 3178 615 3256 abii,
639 3179 815 3243 concedens
838 3177 928 3242 udbis
951 3188 982 3243 et
1004 3179 1049 3244 rei
1071 3181 1138 3244 sdr-

550 3325 555 3336 .
591 3271 692 3350 niens,

255 3369 408 3454 Sdmptus
433 3377 557 3432 nostros
583 3366 744 3449 otiumque
770 3376 806 3430 ut
831 3366 936 3429 ndstra
956 3389 1007 3430 res
1029 3370 1139 3451 posse't

592 3459 668 3544 pati,
1130 3468 1133 3475 '

253 3556 329 3621 Meo
353 3554 454 3621 labori
476 3553 561 3618 haud
584 3555 715 3639 pdrcens
737 3562 861 3637 praeter
883 3553 1018 3637 aequom
1040 3563 1138 3637 atque

590 3648 725 3710 aetatem
741 3668 854 3710 meam.

253 3744 325 3810 Ndn
342 3754 373 3807 te
391 3763 448 3827 pro
466 3740 515 3804 his
534 3742 661 3805 curdsse
674 3738 780 3817 rebus,
798 3741 838 3804 nd
852 3739 928 3822 quid
942 3761 1038 3825 aegre
1052 3744 1137 3807 esset
1149 3762 1179 3804 so

592 3831 683 3897 mihii

169 3933 223 4004 So.
251 3932 323 4000 Non
336 3953 408 3998 mea
421 3950 517 4018 opera
530 3930 632 4011 neque
647 3929 699 4012 pol
713 3927 806 4013 eulpa
820 3928 934 3992 euenit.
959 3927 1020 3995 In.
1030 3927 1135 3996 Immo

590 4024 752 4092 minume:
