2602 4432
175 209 238 284 124
555 228 762 288 uvuvcflvs
1111 230 1197 304 nas

259 353 346 436 Quid
366 353 468 420 mdlta
493 354 611 420 uerba?
637 357 744 420 amdrc
771 355 871 441 coepi.
907 355 989 423 fdrtc
1016 356 1183 422 fortunam

596 446 682 513 domi

256 541 336 607 Erat
360 541 491 626 quidam
518 541 697 619 eunuchus,
728 545 823 627 qudm
851 553 1008 609 mercatus
1040 544 1143 609 sderat

595 635 693 701 frater
709 636 835 714 Thaidi,

255 729 369 813 Neque
385 729 412 793 is
425 729 580 794 deductus
598 729 692 795 etiam
707 731 783 794 dum
798 730 932 795 adeam.
959 730 1143 796 sdbmcnuit

596 846 648 889 me
664 823 824 890 Pdrmeno

254 917 305 982 Ibi
323 919 442 996 seruos,
465 917 552 1003 quod
574 941 634 1004 ego
659 918 786 1004 arripui.
831 920 893 986 Aa.
912 918 1000 1000 Quid
1022 918 1143 985 idest?

594 1009 654 1077 Cn.
673 1011 803 1077 Tacitus
822 1012 914 1077 citius
932 1014 1056 1078 addiesr

254 1105 301 1171 Vt
317 1107 439 1171 udstem
458 1128 530 1171 cum
549 1128 587 1171 eo
604 1106 724 1172 mutem
742 1117 773 1171 et
795 1127 853 1192 pro
873 1107 928 1172 illo
947 1106 1074 1172 idbcam
1091 1128 1142 1173 me

594 1200 669 1266 illoc
687 1200 805 1267 ddcier.

169 1298 232 1363 Aa.
254 1295 320 1361 Pro
338 1295 524 1361 eunuchoni
509 1292 620 1360 ron.
639 1294 695 1360 Sic
712 1312 770 1362 est.
805 1296 869 1361 Au.
889 1293 976 1376 Quid
994 1318 1034 1360 ex
1052 1317 1090 1360 ea
1106 1317 1140 1359 re
1153 1310 1180 1354 aa

593 1388 721 1455 tindem
739 1399 775 1454 ut
793 1411 922 1475 caperes
940 1389 1115 1455 cdmmodi?

170 1482 230 1548 011
253 1482 380 1568 chds?
410 1480 566 1560 uiderem,
597 1483 753 1560 audirem,
785 1505 888 1548 essem
914 1504 979 1547 una
1003 1484 1141 1567 quacum

478 1592 480 1594 ’
594 1576 772 1662 cupiebam,
790 1558 944 1688 Aptipho.

100 1679 151 1734 575
253 1670 340 1735 Num
358 1672 458 1755 parua
475 1692 571 1735 causa
589 1681 644 1735 aut
661 1673 762 1756 priua
774 1670 902 1736 tatros?
923 1670 1056 1736 traditus
1069 1692 1140 1735 sum

593 1765 726 1830 mdlieri.

252 1859 313 1924 Illa
329 1858 402 1924 ilico
420 1858 476 1923 ubi
493 1881 545 1924 me
562 1859 694 1944 accepit,
712 1859 776 1924 laet
763 1870 797 1924 ta
813 1862 890 1925 uero
909 1859 998 1925 adse
1011 1859 1140 1925 abducit

593 1952 739 2030 domum3

254 2044 466 2112 commendat
491 2046 657 2133 uirginem.
700 2047 763 2112 Au.
792 2045 897 2129 Quoi?
923 2046 1041 2113 tibine?
1077 2045 1138 2112 Cra

592 2140 686 2206 Mihi.
721 2142 784 2207 Au.
803 2140 889 2208 Satis
907 2142 974 2205 tutd
992 2142 1118 2207 tamen?

122 2230 126 2237 ’
169 2233 228 2300 05.
251 2234 358 2299 Edicit
375 2257 416 2300 ne
433 2234 484 2299 uir
500 2236 668 2319 quisquam
686 2234 728 2299 ad
745 2258 816 2300 eam
834 2234 937 2313 adeat,
956 2236 987 2300 dt
1004 2235 1081 2300 mihi
1097 2257 1137 2300 ne
1151 2253 1177 2295 ac

591 2328 760 2395 abscedam
776 2330 925 2414 imperat3

252 2422 292 2486 In
317 2422 465 2487 interiore
491 2424 580 2506 pdrte
606 2433 641 2486 ut
671 2444 816 2487 maneam
847 2423 932 2488 sdlus
961 2445 1034 2488 cum
1060 2425 1136 2488 sola.

592 2516 698 2581 adnuo

100 2616 150 2674 580
253 2609 386 2675 Terram
403 2611 529 2676 intuens
546 2609 699 2676 moddste.
735 2611 797 2676 Au.
815 2609 926 2676 Miser.
958 2608 1018 2676 Cn.
1037 2611 1136 2698 ‘Ego’

503 2739 507 2745 ·
593 2704 696 2788 inquit
713 2704 770 2769 ‘ad
787 2726 899 2769 cenam
916 2704 990 2770 hinc
1008 2705 1069 2771 e0'’.

251 2797 393 2863 Abducit
402 2819 510 2863 secum
521 2799 664 2875 ancillas3
678 2820 809 2883 paucae,
823 2798 905 2882 quae
919 2799 1038 2864 circum
1051 2800 1138 2866 illam

595 2894 709 2969 essent,
727 2910 856 2957 manent

254 2985 409 3121 1115515155
439 2987 573 3071 puellae.
618 2987 766 3051 continuo
801 2986 881 3051 haec
915 2986 1125 3052 adornantri

594 3080 689 3146 lauet.

254 3172 415 3238 Adhdrtcr
444 3185 623 3260 properent.
659 3174 735 3238 dum
765 3172 951 3260 ddpamtnr,
983 3175 1114 3261 uirgo
1105 3199 1137 3239 1n
1150 3193 1177 3234 as

594 3269 739 3333 conclaui
755 3267 843 3332 sedet

254 3359 448 3446 Suspdctans
469 3361 612 3426 tabulam
634 3361 793 3446 quandam
814 3361 945 3446 pictam.
972 3361 1017 3426 ibi
1037 3363 1138 3427 inerat

591 3454 713 3540 pictura
730 3454 818 3533 haec,
838 3456 950 3520 Iouem

100 3549 152 3605 585
254 3548 329 3629 Quo
359 3550 452 3634 picto
483 3548 617 3614 Danaae
648 3549 770 3614 misisse
800 3549 888 3614 aiunt
913 3549 1072 3635 qudndam
1102 3550 1136 3614 in

593 3643 752 3728 gremium
768 3643 902 3708 imbrem
919 3643 1061 3709 adreum.

255 3735 393 3822 Egomet
410 3757 537 3820 quoque
553 3735 587 3801 id
606 3738 748 3822 spectare
766 3737 866 3822 coepi,
890 3748 921 3803 et
939 3739 1013 3821 quia
1035 3736 1137 3803 consi-

592 3831 699 3896 milem
716 3831 834 3895 ldserat

253 3925 323 3990 Iam
341 3923 415 3988 olim
432 3924 485 3990 1115
499 3924 619 4002 ludum,
637 3925 787 4009 inpendio
804 3925 908 4012 magis
920 3925 1044 3991 inimus
1058 3948 1136 4016 gau·

594 4018 688 4086 debat
706 4017 794 4098 mihi,
