2602 4432
106 219 159 296 152
536 222 744 287 uvuvcflvs
1064 209 1125 279 107

242 346 367 433 Nempe
402 346 508 414 emnia
542 348 622 414 hoec
645 370 741 458 ‘nuno
770 346 870 413 uerba
899 344 963 413 huc
992 346 1128 414 redeunt

242 533 315 620 Ego
334 535 494 614 exclddor,
512 535 566 603 ille
582 443 743 622 ledlllii.
778 557 843 620 quo
859 534 980 622 gretia?

117 645 144 688 so
241 627 312 694 Nisi
335 629 362 694 si
383 631 472 695 illum
495 631 566 717 plus
589 653 685 738 quem
708 632 759 696 me
778 653 865 696 emas
883 641 915 696 et
931 629 1024 695 istam
1042 630 1127 695 neno
1144 641 1195 696 160

242 813 335 896 Quae
352 815 527 895 aduectast,
545 735 693 883 mellillrilir
711 817 806 883 telem
823 816 994 903 praeripiet
1011 817 1078 882 tibi.

156 907 217 974 Tu.
241 908 313 996 Ego
331 910 364 975 id
382 912 497 977 timeo?
530 910 591 977 Pu.
616 910 704 993 Quid
721 925 753 977 te
771 933 847 997 ergo
861 911 949 977 eliud
963 911 1126 978 sollicitet?

242 1097 329 1163 Num
346 1099 432 1164 selus
450 1099 503 1165 ille
522 1005 698 1165 denieldldt?
714 1098 868 1165 numcebi
886 1121 989 1164 meum

240 1192 478 1279 Benignitatem
496 1193 621 1258 sensisti
638 1194 672 1258 in
689 1204 720 1260 te
738 1193 897 1259 claddieri

117 1301 144 1343 ⁸⁶
242 1285 356 1351 Nonne
373 1287 429 1351 ubi
446 1287 491 1351 mi
508 1287 589 1352 dixti
607 1287 722 1373 cupere
740 1298 771 1353 te
790 1308 830 1353 ex
847 1287 1019 1374 Aethiopia
1143 1299 1194 1353 165

241 1380 446 1458 Ancillulam,
464 1381 581 1446 relictis
598 1381 693 1446 rebus
710 1379 856 1446 emnibus

241 1471 414 1554 Quaeslui?
431 1495 525 1560 porro
543 1473 723 1541 eunuchum
741 1475 820 1539 dixti
838 1474 920 1540 uelle
938 1484 981 1553 te,

241 1565 326 1648 Quia
344 1568 429 1633 selae
448 1578 580 1633 utuntur
596 1568 645 1634 his
662 1568 806 1655 reginae:
824 1568 960 1655 repperi,

241 1659 322 1727 Heri
340 1661 442 1727 minas
459 1662 573 1748 uiginti
589 1684 647 1748 pro
665 1662 820 1727 ambobds
838 1662 921 1727 dedi.

116 1766 143 1812 9⁰
241 1754 363 1820 Tamen
391 1768 589 1842 contemptus
620 1756 679 1864 elis
710 1766 741 1821 te
768 1755 846 1822 haec
872 1755 970 1820 hebui
996 1755 1194 1822 inme-170

241 1940 296 2008 Ob
318 1942 398 2009 hoec
419 1943 505 2010 fectu
526 1872 805 2030 absmiendriernorl
849 1944 910 2009 Tu.
934 1941 1022 2024 Quid
1043 1941 1124 2022 istic,

580 2037 760 2103 Phaedria?

241 2127 446 2216 Quemquam
470 2132 558 2198 illem
580 2130 858 2291 lididolbdloeoe
885 2142 981 2216 etque
1004 2130 1063 2196 hee
1089 2153 1125 2198 re

239 2317 280 2383 Id
296 2316 368 2384 fleri
385 2340 480 2406 posse
497 2321 656 2396 mexume,
674 2319 788 2385 uerdm
805 2328 912 2383 temen

238 2411 351 2478 Potius
382 2435 477 2497 quam
508 2426 539 2480 te
570 2412 732 2479 inimicum
762 2411 912 2490 hebeem,
942 2410 1058 2477 facicm
1088 2422 1125 2479 ut

577 2506 715 2572 iusseris.

117 2615 144 2658 ⁹⁶
156 2598 216 2664 Pu.
240 2599 371 2666 Vtinam
387 2601 469 2666 istuc
487 2601 623 2667 uerbum
640 2623 680 2666 ex
698 2599 804 2666 enimc
822 2621 860 2665 uc
877 2621 952 2665 uere
970 2598 1090 2664 diceres
1142 2602 1193 2657 175

240 2693 367 2760 ‘Potius
385 2715 481 2780 quem
498 2705 530 2760 te
547 2694 710 2761 inimicum
727 2692 890 2759 hebeam’l
913 2693 941 2759 si
957 2693 1039 2759 istuc
1056 2694 1124 2758 cre·

578 2789 685 2856 derem

240 2879 372 2948 Sincere
389 2882 462 2962 dici,
480 2883 606 2968 quiduis
623 2905 748 2969 possem
766 2881 898 2968 perpeti.

114 3049 117 3056 Ι
154 2973 214 3039 Pe.
237 2974 391 3042 Lebescit
408 2976 512 3042 uictus
529 2978 594 3042 rino
611 2976 711 3042 uerbo
728 2978 824 3061 quem
842 2974 918 3041 citol

155 3069 213 3134 Tu.
237 3071 310 3156 Ego
327 3071 392 3135 nen
411 3093 452 3136 ex
470 3069 575 3137 animo
593 3071 708 3136 misero
725 3069 815 3135 dico?
832 3071 929 3153 quem
946 3069 1016 3134 ioco

104 3181 142 3222 1⁰0
239 3164 320 3229 Rem
338 3164 466 3230 ueluisti
484 3187 503 3229 a
521 3187 571 3231 me
589 3164 728 3241 tendem,
747 3163 823 3247 quin
841 3162 1030 3248 perfeceris?
1141 3175 1193 3232 180

238 3258 311 3344 Ego
328 3259 497 3344 impetrare
515 3260 638 3342 nequeo
657 3257 717 3346 hoc
734 3257 791 3322 ebs
809 3267 850 3334 te,
869 3256 1000 3321 biduom

240 3350 363 3418 Saltem
387 3354 423 3417 ut
450 3353 605 3418 concedas
631 3351 742 3416 selum.
788 3349 850 3416 Pu.
884 3349 1049 3434 Siquidem
1077 3351 1124 3416 bl·

579 3445 690 3509 duom:

238 3539 359 3608 Verum
381 3561 421 3606 ne
439 3539 517 3605 fiant
533 3539 586 3604 lsti
604 3537 717 3625 uiginti
735 3538 812 3604 dics.

154 3635 215 3700 Tu.
239 3633 390 3699 Profecto
407 3656 471 3700 non
489 3633 560 3720 plus
578 3633 708 3699 biduom
727 3643 781 3698 out
799 3680 806 3696 .
827 3680 835 3696 .
879 3631 939 3697 Pu.
964 3627 1065 3697 ‘Am‘-
1079 3634 1123 3699 ull

576 3749 690 3792 moror.

103 3839 141 3883 105
154 3821 213 3885 Tu.
237 3820 311 3885 Non
328 3821 399 3887 flet:
417 3819 477 3886 hoc
495 3820 590 3886 modo
608 3822 724 3886 sinete
743 3841 880 3885 exorem.
915 3819 976 3884 ΡΗ.
996 3818 1123 3885 Scilicet
1142 3823 1192 3879 185

238 3914 469 3981 Faciendumst
487 3914 573 3999 quod
590 3913 650 3980 uis.
680 3914 740 3980 Tu.
763 3913 881 3978 Merito
895 3924 926 3979 te
940 3934 1023 3992 cmo,
1042 3913 1123 3980 bene

578 4006 669 4074 fecis.
