2602 4432
560 249 717 309 HEGYRA
1058 234 1121 302 225

240 375 329 442 der
346 375 423 460 quid
440 375 545 453 faciat,
562 377 597 440 in
613 397 792 440 manunon
808 375 858 440 est
874 396 954 439 mea.

241 469 307 536 Sed
324 471 400 555 quid
417 469 571 535 faciemus
587 470 705 556 pineto?
738 468 801 534 Ias.
812 468 965 534 'Ridicule
982 488 1091 553 rogas:

240 564 403 649 Quidquid
421 564 603 642 futurumst,
621 563 696 627 huic
714 584 804 628 suom
822 562 936 627 reddas
954 563 1083 639 scilicet,

238 658 284 723 Vt
297 658 418 722 alamus
431 668 583 722 nostrum.
608 658 668 721 ΡΑ.
679 656 786 739 Quem
794 658 862 741 ipse
873 657 1009 721 neclexit
1021 667 1121 741 pater,
1139 661 1191 716 cto

125 818 129 835 ,
239 752 312 839 Ego
330 752 433 818 alem?
466 752 529 817 Lu.
548 751 637 833 Quid
654 751 752 815 dixti?
774 751 833 815 eho
851 773 892 815 an
909 750 972 815 ndn
991 751 1121 820 alemus,

577 845 765 930 Pamphile?

237 941 415 1008 Prodemus
432 961 551 1025 quaeso
568 938 694 1026 pdtius?
711 959 794 1023 qnae
811 938 890 1004 haec
908 937 1093 1003 amentiast?

238 1034 335 1100 Enim
351 1037 428 1101 uero
445 1055 574 1121 prorsus
592 1032 657 1097 iam
674 1044 778 1098 tacere
795 1032 859 1096 non
877 1053 972 1116 queo;

176 1153 177 1156 ¹
238 1129 322 1193 Nam
340 1128 427 1215 cdgis
445 1147 579 1212 eaquae
595 1128 669 1193 nolo
687 1138 723 1191 ut
739 1138 905 1213 praesente
922 1127 983 1190 hoe
1000 1127 1120 1209 loquar.

238 1222 392 1309 Ignarum
409 1245 520 1288 censes
537 1224 662 1286 tuarum
679 1223 893 1287 lacrumarum
910 1221 979 1284 esse
996 1219 1067 1284 me?
1139 1217 1190 1272 675

238 1319 306 1382 Αιιι
324 1317 401 1402 quid
419 1317 460 1382 sit
475 1316 509 1381 id
526 1317 613 1401 quod
630 1315 796 1382 sdllieitere
814 1314 956 1380 adhunc
973 1314 1121 1378 modum?

237 1411 384 1477 Primum
401 1411 483 1477 hane
498 1410 556 1475 nbi
573 1409 652 1476 dixti
674 1411 813 1488 caluam,
835 1420 866 1474 te
887 1411 1017 1494 propter
1034 1419 1121 1473 tuam

237 1505 377 1571 Matrem
393 1527 459 1571 non
475 1527 569 1592 posse
585 1504 704 1570 habere
721 1504 803 1570 hanc
821 1506 953 1569 uxorem
971 1503 1066 1579 domi,

236 1598 414 1666 Pollicitast
431 1623 469 1666 ea
486 1621 521 1665 se
538 1600 759 1665 educessuram
776 1622 816 1664 ex
834 1597 976 1664 aedibus.

237 1693 332 1759 Nune
348 1696 518 1780 postquam
534 1692 716 1778 ademptam
733 1690 815 1758 hanc
828 1693 954 1777 quoque
971 1691 1030 1756 tibi
1047 1712 1122 1756 eau-
1139 1696 1190 1751 680

577 1787 644 1850 sam
662 1783 762 1864 uides,

236 1879 326 1945 Puer
341 1880 417 1965 qnia
434 1881 516 1946 clam
533 1891 565 1945 te
584 1891 631 1944 est
648 1882 752 1958 natus,
769 1890 880 1945 nactus
897 1881 1030 1946 alteram
1047 1904 1091 1948 es.

202 2010 204 2015 ⁴
237 1974 345 2052 Erras,
363 1975 411 2039 tui
428 1974 525 2039 animi
542 1975 638 2039 sime
656 1997 727 2040 esse
744 1974 889 2060 ignardm
906 1985 1011 2060 putas.

237 2068 423 2153 Aliquando
437 2067 566 2134 tandem
575 2067 638 2133 huc
651 2068 792 2132 animum
806 2079 841 2132 ut
854 2067 1009 2154 adiungas
1022 2081 1121 2148 tuom,

239 2161 346 2243 Quam
363 2162 495 2248 ldngum
512 2162 649 2248 spatium
667 2162 795 2226 amandi
811 2162 944 2227 amicam
962 2164 1020 2228 tibi
1034 2163 1120 2229 dedi!

122 2306 135 2320 ι
238 2254 392 2340 Sumptis
410 2277 490 2340 quos
508 2254 612 2320 fecisti
629 2256 664 2319 in
685 2277 756 2321 eam
774 2277 870 2341 qnam
891 2257 996 2322 animo
1019 2259 1120 2343 aequo
1138 2261 1190 2316 685

575 2348 647 2414 tulii

237 2443 301 2530 Egi
319 2446 414 2529 atque
431 2442 520 2523 oraui
537 2443 643 2508 tecum
661 2465 792 2508 uxorem
810 2455 845 2508 ut
864 2444 1005 2521 doceres,

237 2536 377 2623 Templis
395 2535 461 2600 dixi
479 2558 562 2602 esse:
581 2537 710 2623 inpdlsu
728 2538 848 2603 duxisti
865 2560 945 2604 meo.

239 2629 347 2716 [Quae
364 2641 433 2695 tum
450 2629 621 2696 obsecutus
637 2630 715 2696 mihi
732 2632 836 2697 fecisti
853 2644 890 2697 nt
907 2633 1081 2721 decuerat]

237 2724 332 2789 Nunc
362 2724 503 2789 animum
535 2747 660 2789 rursum
689 2725 731 2790 ad
761 2726 957 2792 meretricem
989 2729 1121 2794 adduxti

281 2864 284 2868 -
576 2829 680 2884 tuom:

239 2909 318 2999 [Cui
334 2921 370 2976 tu
388 2911 557 2977 obsecutus
575 2913 653 2978 facis
672 2912 746 2978 huic
764 2914 842 2979 adeo
859 2912 1031 3002 iniuriam]
1138 2928 1190 2982 690

102 3035 105 3041 ·
218 3006 320 3070 ·Nam
336 3005 521 3070 inedndem
539 3007 639 3071 uitam
656 3008 688 3071 te'
705 3007 886 3072 reuolutnm
903 3007 1008 3074 de'nuo

237 3101 341 3169 Video
359 3102 438 3166 esse.
481 3100 540 3166 ΡΑ.
559 3101 677 3167 Mene?
711 3101 772 3166 In.
791 3102 839 3167 Te
854 3103 974 3187 ipsum:
993 3117 1024 3169 et
1041 3104 1120 3171 facis

575 3194 736 3259 iniiuiam:

219 3287 405 3374 *Oonllngis
423 3287 521 3353 falsas
539 3289 651 3353 ostiens
669 3289 710 3353 ad
728 3288 925 3369 discordiam,

236 3384 283 3449 Vt
299 3405 371 3448 eum
388 3382 444 3448 illa
460 3383 562 3460 ninas,
579 3384 693 3448 testem
705 3382 786 3449 hanc
799 3404 897 3468 quom
910 3383 967 3450 abs
985 3395 1016 3450 te
1034 3389 1121 3452 amd-

574 3499 668 3542 uens.

236 3570 407 3654 Sensitque
424 3570 504 3635 adeo
517 3593 612 3649 uxor3
630 3594 704 3636 nam
717 3573 748 3638 el
765 3571 862 3639 causa
875 3573 936 3638 alia
949 3576 1031 3657 quae
1048 3574 1120 3652 fuit,
1138 3585 1189 3639 695

236 3665 343 3747 Quam
370 3665 411 3728 ob
441 3687 507 3730 rem
539 3666 596 3730 abs
627 3678 658 3733 te
689 3666 809 3733 abiret?
849 3666 912 3733 Pm
937 3667 1039 3734 Plane
1069 3669 1120 3734 hic

104 3762 105 3769 ’
578 3760 714 3826 diuindt:
733 3785 809 3827 nam
825 3761 859 3826 id
876 3772 932 3826 est.

113 3873 140 3916 ts
151 3854 211 3919 ΡΑ.
238 3854 335 3919 Dabo
347 3852 397 3918 isis
410 3853 579 3919 iurandum
591 3855 636 3919 nil
650 3878 719 3922 esse
731 3856 863 3921 istorum
875 3856 962 3919 mibi.
981 3857 1044 3921 Ls.
1053 3856 1119 3935 Ah,

237 3946 389 4012 Reddtiee
406 3969 549 4026 uxorem,
566 3959 623 4013 ant
638 3970 735 4033 quam
753 3948 795 4015 db
812 3971 881 4015 rem
897 3970 961 4012 non
983 3971 1065 4033 onus
1081 3953 1126 4012 sit

506 4072 508 4077 ·
579 4040 670 4108 cedo.

197 4142 315 4186 tamtam.
948 4138 994 4192 ub
