2602 4432
152 209 234 297 ·190
568 246 743 305 rnouuro
1124 243 1205 320 ue·

100 373 153 430 935
169 368 229 433 Pu.
253 367 381 450 Quaesi
398 368 476 453 quid
493 369 621 434 narras?
655 369 719 434 Dr.
739 368 825 451 Quin
848 381 883 437 tu
905 366 948 436 mi
971 366 1140 459 argentim

592 463 681 529 eedo.

169 557 228 621 Pa.
251 558 354 621 Immo
371 557 450 622 uero
466 580 598 624 uxorem
616 557 651 622 tir
669 558 757 623 eedo.
794 558 856 624 Du.
875 560 914 624 In
931 559 982 626 ius
1000 561 1139 627 imbula.

169 651 229 715 Pu.
251 650 349 715 Enim
366 653 443 717 uero
461 652 488 716 si
504 674 598 737 porro
616 653 685 717 esse
702 652 803 717 odiosi
820 654 951 739 pergitis
970 703 978 718 .
998 703 1005 718 .

170 744 233 812 Du.
256 743 344 826 Quid
361 745 477 811 facies?
501 746 563 811 Pu.
581 744 714 831 Egone?
731 749 790 812 uta
808 769 859 813 me
875 747 1023 813 indotatis
1043 749 1138 814 modo
1152 766 1180 808 rs

254 839 449 904 Patrueinari
467 840 601 906 fertasse
619 841 830 906 arbitramini:

102 945 154 1000 940
254 932 363 998 Etiam
391 935 505 1000 dotatis
526 935 622 1000 seleo.
668 932 727 1002 Ca.
751 934 840 1016 Quid
865 936 898 1001 id
918 937 1044 1002 nostrii
1076 938 1139 1003 P.

596 1028 693 1095 Nihil.
797 1076 800 1081 -

256 1121 321 1187 Hie
347 1123 507 1206 quandam
533 1144 658 1200 noram,
688 1124 801 1207 quoius
827 1123 877 1189 uir
901 1146 1034 1189 uxorem
1078 1122 1139 1190 Cn.
1209 1184 1213 1190 .

592 1218 686 1282 Hem.
730 1217 793 1282 Du.
812 1217 900 1299 Quid
919 1218 985 1284 est?

170 1310 230 1374 Pu.
253 1308 369 1375 Lemni
395 1309 507 1377 hebuit
533 1311 642 1376 aliam:
679 1309 739 1376 ΟΠ.
762 1312 877 1378 Nullus
900 1335 979 1378 sum.
1015 1313 1074 1377 Pu.
1099 1336 1140 1378 ex

597 1426 661 1488 qua
678 1405 778 1470 ffliam

256 1496 413 1583 Suscepit,
431 1508 463 1563 et
476 1520 545 1563 earn
564 1498 646 1562 elam
659 1498 784 1563 educat.
812 1496 872 1564 Cn.
889 1499 1041 1585 Sepultus
1056 1523 1138 1565 sum.
1153 1519 1179 1560 se

170 1591 230 1656 Pa.
252 1592 344 1656 Haec
360 1591 441 1657 adeo
459 1614 519 1678 ego
535 1592 581 1656 illi
598 1592 662 1657 irim
680 1592 865 1659 denarrabo.
902 1591 962 1659 Cn.
982 1573 1139 1672 Obsecro,

101 1688 153 1743 945
254 1685 305 1750 Ne
322 1685 431 1750 frisiae.
473 1685 533 1751 Pu.
553 1682 618 1764 Oh,
636 1697 712 1751 tune
728 1689 755 1752 ts
774 1687 863 1753 eras?
901 1687 964 1752 Dn.
983 1688 1029 1754 Vt
1045 1689 1140 1754 ludes

593 1780 683 1845 faeitl

171 1870 231 1937 cn.
254 1871 390 1938 Missum
408 1885 440 1938 te
458 1873 601 1938 facimus.
636 1874 697 1939 Pu.
715 1873 868 1940 Fabulae.
905 1872 965 1940 Cn.
984 1874 1072 1957 Quid
1088 1878 1139 1942 uis
1164 1914 1165 1919 κ

592 1967 668 2032 tibi?

255 2062 435 2148 Argentum
444 2062 530 2146 quod
544 2061 642 2127 habes
656 2062 870 2128 etindonamus
883 2074 924 2129 te.
947 2064 1007 2129 Pa.
1017 2063 1138 2130 Audio.

256 2154 343 2236 Quid
360 2158 419 2222 uris
436 2157 555 2222 malum
574 2177 651 2242 ergo
666 2156 718 2222 me
735 2156 782 2222 sie
798 2157 1003 2222 ludifieimini
1152 2175 1179 2219 sa

254 2248 358 2335 Inepti
375 2261 483 2314 nostra
499 2249 612 2334 puerili
629 2249 851 2315 inconstantia?

100 2345 152 2402 950
253 2342 335 2407 ΝοΙό
351 2342 440 2420 uelo;
457 2342 531 2406 uolo
547 2342 620 2406 nelo
637 2364 778 2420 rursum3
796 2345 875 2428 cape
892 2343 970 2407 cedo
975 2367 984 2420 ;

254 2432 352 2517 Quod
364 2434 494 2512 dietum,
511 2434 709 2511 indictumst3
727 2434 815 2518 qued
828 2435 922 2500 modo
936 2448 1004 2502 erat
1021 2450 1138 2517 ratum,

462 2525 469 2539 ⁸
592 2527 761 2592 inritumst.

171 2621 230 2687 Ca.
253 2620 328 2703 Quo
342 2624 435 2706 paeto
448 2632 503 2687 aut
512 2621 596 2686 unde
609 2621 661 2686 hie
675 2621 754 2686 haee
766 2621 912 2687 reseiuit?
929 2621 992 2686 Da.
1006 2621 1139 2702 Neseio;

254 2716 324 2780 Nisi
341 2716 392 2780 me
410 2714 526 2780 dixisse
544 2715 662 2780 nemini
679 2717 766 2782 certe
783 2716 858 2780 seio.
1150 2740 1179 2780 m

170 2806 230 2874 Ca.
252 2809 403 2887 Monstri,
429 2811 474 2874 ita·
499 2831 551 2874 me
577 2809 609 2874 di
637 2821 758 2887 ament,
789 2810 898 2875 simile.
950 2810 1011 2875 Pa.
1038 2811 1139 2880 Inieci

591 2903 784 2989 scrupulum.
820 2901 884 2968 Du.
902 2904 999 2978 Hem,

101 3004 153 3060 955
255 2999 371 3062 Hicine
388 3007 424 3064 ut
441 2997 569 3064 anobis
587 2996 648 3062 hee
665 3008 789 3062 tantum
807 2997 929 3082 argenti
947 2998 1069 3064 eliserat

253 3092 335 3157 Tam
354 3094 461 3178 aperte
478 3091 637 3157 inridens?
654 3091 753 3157 emori
769 3090 874 3157 hercle
892 3092 989 3156 satius
1007 3105 1065 3160 est.

254 3187 371 3251 Anime
388 3186 471 3252 uirili
489 3186 711 3272 praesentique
728 3198 763 3250 ut
781 3188 823 3250 sis
840 3208 928 3270 para.

252 3280 353 3349 Vides
370 3294 457 3346 tuom
475 3282 640 3366 peceatum
658 3301 728 3346 esse
746 3279 863 3344 elatum
881 3278 965 3344 foras
1152 3302 1180 3344 ss

254 3374 367 3458 Neque
384 3374 448 3439 iam
465 3373 499 3438 id
515 3375 618 3439 celare
634 3374 726 3458 pesse
744 3385 775 3438 te
793 3376 924 3438 uxorem
941 3385 1043 3439 tuam:

126 3477 134 3495 ¹
254 3469 349 3534 Nune
365 3469 453 3552 qued
469 3468 539 3554 ipsa
556 3490 596 3533 ex
614 3468 683 3533 aliis
700 3468 847 3533 auditura
864 3470 913 3544 sit,
932 3465 1098 3546 Chremes,

255 3563 294 3628 Id
311 3564 435 3628 nrismet
451 3563 590 3627 indicare
608 3562 794 3647 placabilius
812 3573 869 3626 est.

254 3657 339 3723 Tum
356 3658 441 3721 hune
457 3659 639 3742 inpuratum
657 3655 828 3740 peterimus
845 3657 951 3721 nostre
968 3656 1064 3720 modo

254 3751 381 3819 Vleisei.
415 3751 477 3816 Pa.
495 3753 598 3826 Attat,
616 3749 676 3814 nisi
692 3750 736 3813 mi
754 3750 920 3835 prospicio,
938 3749 1063 3815 haereo.
1151 3772 1179 3814 re

256 3846 301 3910 Hi
319 3844 505 3933 gladiatorio
523 3844 629 3908 animo
647 3843 688 3906 ad
706 3867 757 3908 me
774 3843 936 3909 adfectent
954 3844 1050 3908 uiam.

103 3947 154 4006 965
173 3939 232 4006 Cn.
257 3941 302 4004 At
319 3942 431 4004 uereor
448 3951 484 4003 ut
501 3938 619 4025 placari
636 3937 743 4023 possit.
773 3936 836 4002 Da.
855 3939 946 4003 Βόιιο
964 3938 1069 4003 animo
1087 3961 1137 4005 es:

255 4033 328 4123 ugo
341 4033 484 4122 redigam
496 4053 554 4100 uos
567 4032 600 4098 in
612 4030 757 4120 gratiam,
771 4031 831 4100 hoe
844 4032 952 4110 fretus,
972 4030 1138 4113 Chremes,
