2602 4432
103 245 179 302 Prcl.
292 192 294 199 Ι
395 244 587 303 HEAVTON
605 241 884 302 TIMORVMENOS
935 271 962 320 g
1084 223 1126 293 53

478 654 857 746 Pucuccvs.¹

520 784 553 838 L.
571 784 674 870 AMBI
677 782 716 838 VI
718 783 761 837 Vs

198 906 247 971 Ns
265 907 340 990 quoi
357 904 398 970 sit
414 916 556 970 rostrum
575 907 699 982 mirum,
718 925 799 988 quor
815 906 913 990 partis
930 902 999 969 seni

197 1003 299 1085 Poeta
316 1006 447 1086 dederit,
465 1009 548 1092 qued
565 1018 639 1073 sunt
657 1006 916 1084 adulescentium,

129 1126 144 1168 8
198 1109 238 1174 Id
255 1112 391 1195 primum
409 1109 525 1186 dicam,
543 1108 657 1175 deinde
674 1109 763 1192 quod
779 1108 854 1174 ueni
871 1108 1011 1192 eloquar.

117 1230 142 1271 ιι
199 1208 369 1278 Ordtorem
386 1234 455 1277 esse
473 1211 575 1277 udluit
591 1234 650 1287 me,
668 1232 732 1276 non
750 1211 932 1297 prdlogum:

160 1363 162 1368 -
199 1315 350 1382 Vostrrim
367 1314 518 1380 iudicium
536 1313 621 1392 fecit,
639 1337 690 1379 me
708 1315 845 1379 actorem
863 1313 960 1390 dedit,

200 1415 238 1481 Si
254 1416 306 1482 hic
322 1419 411 1481 ictor
428 1427 551 1481 tanturn
569 1416 684 1502 piterit
701 1439 721 1481 a
737 1414 897 1492 facdndia‚

199 1518 363 1602 Quantum
379 1520 433 1590 ille
449 1519 552 1604 potuit
569 1519 709 1605 cdgitarc
728 1518 902 1593 cdmmode,

117 1640 144 1682 rs
199 1621 264 1704 Qui
282 1622 455 1687 crdticncm
473 1621 555 1686 hanc
572 1622 706 1708 scripsit,
724 1643 820 1706 quam
839 1622 979 1688 dictdrus
998 1643 1077 1686 sum.

129 1744 144 1785 s
199 1726 252 1790 Ex
268 1727 394 1811 integra
411 1724 536 1791 Graeca
552 1728 709 1812 integram
727 1725 921 1791 comoediam

198 1828 305 1893 Hodid
323 1851 393 1892 sum
411 1838 539 1894 acturus
557 1829 708 1893 Heauton
725 1828 971 1893 timorirmsncn:

130 1948 144 1989 c
200 1929 346 2018 [Duplex
363 1952 445 2015 quac
463 1953 503 1996 ex
521 1943 708 2017 argumento
725 1931 810 1998 facta
829 1943 876 1997 est
894 1929 1049 2016 simplici]

240 2041 258 2078 Ι
385 2042 403 2079 Ι
530 2041 549 2078 O
675 2043 694 2080 O
820 2042 839 2079 O
967 2043 985 2080 Ι

117 2153 143 2195 rc
198 2134 283 2200 Nam
300 2136 385 2221 qudd
403 2158 545 2202 rumores
563 2135 752 2202 distulerunt
769 2136 919 2214 mdliucli,

198 2238 319 2303 Multis
338 2240 567 2304 contaminisse
587 2237 738 2317 Graecas,
756 2240 832 2304 dum
850 2240 926 2304 facit

198 2341 323 2407 Paucis
341 2341 489 2408 Latinas:
507 2343 540 2406 id
558 2366 627 2409 esse
645 2342 765 2408 factum
782 2343 834 2408 hic
851 2344 916 2408 ndu
933 2354 1039 2428 negat,

202 2444 315 2529 Neque
334 2447 367 2510 sd
385 2446 495 2532 pigere
514 2457 545 2511 et
562 2445 675 2511 deinde
693 2446 850 2511 facturum
869 2447 1020 2511 adtumat.

318 2635 488 2719 Vulpatur
511 2638 598 2699 ordo
620 2656 783 2700 cernuum
805 2634 864 2715 (ed.
886 2634 964 2717 Fu:

243 2755 352 2828 Nequoi
364 2758 400 2812 sit
410 2763 533 2813 uostrum
544 2756 651 2830 mirum,
664 2776 733 2830 quor
743 2755 830 2830 partis
842 2760 901 2813 seni

241 2835 329 2900 Poita
341 2845 456 2915 dederit,
470 2842 541 2914 quae
553 2851 616 2899 sunt
627 2843 854 2900 adulescdntium:

241 2929 274 2983 Id
286 2926 405 3000 primum
417 2929 516 3000 dicam,
529 2926 630 2986 deinde
642 2930 716 3000 quod
726 2930 792 2985 ueni
804 2927 925 3001 dloquar.

242 3014 284 3069 Ex
295 3011 406 3087 integra
418 3013 527 3071 Graeca
538 3014 675 3088 integram
687 3012 857 3071 comoediam

244 3098 336 3155 Hodie
348 3118 408 3156 sum
420 3107 531 3156 acturus
542 3097 672 3156 Headton
684 3098 891 3156 timcrdmenon.

242 3186 365 3258 [Duplex¹
377 3203 448 3258 quae
461 3203 495 3242 cx
506 3192 668 3259 argumento
680 3187 755 3242 facta
767 3192 810 3242 est
820 3187 960 3260 simplici]

243 3272 350 3329 Ncucm
362 3268 422 3327 dsse
435 3272 543 3327 ostendi
555 3277 584 3327 ct
595 3288 666 3344 quac
678 3268 763 3328 esset:
775 3290 848 3328 nunc
857 3273 904 3343 qui
916 3271 1059 3348 scripserit

243 3357 280 3412 Et
291 3354 375 3428 qudia
387 3355 496 3413 Graeca
507 3355 552 3427 sit,
565 3357 594 3412 ui
606 3363 713 3429 partem
725 3356 880 3413 mdxumsm

242 3441 442 3509 Existumarem
453 3441 524 3499 scire
536 3449 668 3512 uestrum,
679 3445 710 3498 id
722 3441 850 3500 dicerem.

242 3527 324 3584 Nunc
336 3525 528 3599 quam'dbrem
538 3528 588 3582 has
599 3527 687 3599 partis
700 3524 844 3583 didicerim
855 3527 953 3601 paucis
964 3531 1045 3587 dabo.

244 3610 388 3669 Ordtorem
400 3629 460 3668 esse
471 3609 560 3669 udluit
570 3629 623 3684 me,
635 3630 690 3667 nun
701 3612 858 3686 prdicgum:

192 3759 194 3765 ¹
244 3693 374 3753 Vostrdm
386 3697 518 3753 iudicium
530 3695 610 3754 ficit:
622 3715 666 3754 me
678 3695 799 3754 actorem
812 3700 897 3771 dedit,

244 3782 275 3838 sa·
283 3782 330 3838 hic
341 3780 417 3837 detor
428 3788 535 3837 tantum
546 3781 648 3855 p6tcrit
660 3801 678 3837 a
689 3780 828 3853 facinus,

246 3870 385 3936 Quantum
396 3866 443 3924 illc
455 3861 544 3942 potuit
557 3867 679 3943 cdgitarc
693 3868 843 3943 cdmmcde,

245 3954 299 4021 Qui
311 3953 461 4010 criticnem
473 3956 545 4010 hanc
556 3954 676 4028 scripsit,
689 3972 773 4029 quam
786 3955 909 4015 dictdrus
920 3977 989 4016 sum.

245 4041 317 4100 Num
329 4038 403 4115 qudd
413 4041 535 4100 rumores
547 4039 711 4101 distulerunt
721 4041 843 4101 mdliucli
855 4062 882 4119 q.
895 4065 918 4103 s.
