<?xml version="1.0" encoding="UTF-8"?>
<!DOCTYPE html PUBLIC "-//W3C//DTD XHTML 1.0 Transitional//EN"
    "http://www.w3.org/TR/xhtml1/DTD/xhtml1-transitional.dtd">
<html xmlns="http://www.w3.org/1999/xhtml" xml:lang="en" lang="en">
 <head>
  <title>
</title>
<meta http-equiv="Content-Type" content="text/html;charset=utf-8" />
  <meta name='ocr-system' content='tesseract 3.04.00' />
  <meta name='ocr-capabilities' content='ocr_page ocr_carea ocr_par ocr_line ocrx_word'/>
</head>
<body>
  <div class='ocr_page' id='page_1' title='image "./comoediae00lindgoog_0100.png"; bbox 0 0 2602 4432; ppageno 0'>
   <div class='ocr_carea' id='block_1_1' title="bbox 71 211 1127 298">
    <p class='ocr_par' dir='ltr' id='par_1_1' title="bbox 71 211 1127 298">
     <span class='ocr_line' id='line_1_1' title="bbox 71 211 1127 298; baseline -0.004 -16"><span class='ocrx_word' id='word_1_1' title='bbox 71 211 73 216; x_wconf 83' lang='grc'><strong>’</strong></span> <span class='ocrx_word' id='word_1_2' title='bbox 103 226 157 298; x_wconf 85' lang='lat'>1‚1</span> <span class='ocrx_word' id='word_1_3' title='bbox 402 224 588 284; x_wconf 75' lang='lat' dir='ltr'>nnnvrou</span> <span class='ocrx_word' id='word_1_4' title='bbox 606 216 883 283; x_wconf 80' lang='lat' dir='ltr'>muonvunuos</span> <span class='ocrx_word' id='word_1_5' title='bbox 981 230 984 237; x_wconf 89' lang='lat'><em>·</em></span> <span class='ocrx_word' id='word_1_6' title='bbox 1084 211 1127 279; x_wconf 82' lang='lat'>55</span> 
     </span>
    </p>
   </div>
   <div class='ocr_carea' id='block_1_2' title="bbox 507 889 774 978">
    <p class='ocr_par' dir='ltr' id='par_1_2' title="bbox 507 889 774 978">
     <span class='ocr_line' id='line_1_2' title="bbox 507 889 774 978; baseline -0.034 -1"><span class='ocrx_word' id='word_1_7' title='bbox 507 889 712 978; x_wconf 77' lang='lat' dir='ltr'><strong>AOTVS</strong></span> <span class='ocrx_word' id='word_1_8' title='bbox 741 889 774 969; x_wconf 92' lang='grc' dir='ltr'>Ι.</span> 
     </span>
    </p>
   </div>
   <div class='ocr_carea' id='block_1_3' title="bbox 382 1056 906 1218">
    <p class='ocr_par' dir='ltr' id='par_1_3' title="bbox 382 1056 906 1218">
     <span class='ocr_line' id='line_1_3' title="bbox 382 1056 906 1123; baseline 0 0"><span class='ocrx_word' id='word_1_9' title='bbox 382 1056 580 1123; x_wconf 78' lang='lat' dir='ltr'>Cunnuns</span> <span class='ocrx_word' id='word_1_10' title='bbox 639 1057 906 1123; x_wconf 82' lang='lat' dir='ltr'>Mnunonuvs</span> 
     </span>
     <span class='ocr_line' id='line_1_4' title="bbox 432 1169 778 1218; baseline -0.009 -2"><span class='ocrx_word' id='word_1_11' title='bbox 432 1169 523 1218; x_wconf 70' lang='lat' dir='ltr'>sortus</span> <span class='ocrx_word' id='word_1_12' title='bbox 756 1175 778 1213; x_wconf 92' lang='lat'>11</span> 
     </span>
    </p>
   </div>
   <div class='ocr_carea' id='block_1_4' title="bbox 108 1286 1215 3439">
    <p class='ocr_par' dir='ltr' id='par_1_4' title="bbox 108 1286 1130 1373">
     <span class='ocr_line' id='line_1_5' title="bbox 108 1286 1130 1373; baseline -0.007 -16"><span class='ocrx_word' id='word_1_13' title='bbox 108 1306 149 1357; x_wconf 79' lang='lat'>1.1</span> <span class='ocrx_word' id='word_1_14' title='bbox 164 1286 223 1353; x_wconf 80' lang='lat' dir='ltr'>Cu.</span> <span class='ocrx_word' id='word_1_15' title='bbox 247 1286 451 1373; x_wconf 78' lang='lat' dir='ltr'>Quamquam</span> <span class='ocrx_word' id='word_1_16' title='bbox 485 1287 564 1353; x_wconf 74' lang='lat' dir='ltr'>haec</span> <span class='ocrx_word' id='word_1_17' title='bbox 599 1287 681 1361; x_wconf 83' lang='lat' dir='ltr'>inter</span> <span class='ocrx_word' id='word_1_18' title='bbox 711 1310 770 1352; x_wconf 88' lang='lat' dir='ltr'>nos</span> <span class='ocrx_word' id='word_1_19' title='bbox 804 1288 906 1372; x_wconf 82' lang='lat' dir='ltr'>ndper</span> <span class='ocrx_word' id='word_1_20' title='bbox 935 1287 1045 1352; x_wconf 87' lang='lat' dir='ltr'>notitia</span> <span class='ocrx_word' id='word_1_21' title='bbox 1074 1286 1130 1350; x_wconf 75' lang='lat' dir='ltr'>dd-</span> 
     </span>
    </p>

    <p class='ocr_par' dir='ltr' id='par_1_5' title="bbox 585 1382 744 1446">
     <span class='ocr_line' id='line_1_6' title="bbox 585 1382 744 1446; baseline 0 -1"><span class='ocrx_word' id='word_1_22' title='bbox 585 1382 744 1446; x_wconf 86' lang='lat' dir='ltr'>modumst</span> 
     </span>
    </p>

    <p class='ocr_par' dir='ltr' id='par_1_6' title="bbox 246 1474 1131 1654">
     <span class='ocr_line' id='line_1_7' title="bbox 246 1474 1131 1561; baseline -0.002 -21"><span class='ocrx_word' id='word_1_23' title='bbox 246 1475 341 1559; x_wconf 82' lang='lat' dir='ltr'>(inde</span> <span class='ocrx_word' id='word_1_24' title='bbox 367 1475 447 1541; x_wconf 76' lang='lat' dir='ltr'>adeo</span> <span class='ocrx_word' id='word_1_25' title='bbox 470 1497 564 1560; x_wconf 87' lang='lat' dir='ltr'>quom</span> <span class='ocrx_word' id='word_1_26' title='bbox 591 1498 704 1561; x_wconf 85' lang='lat' dir='ltr'>agrum</span> <span class='ocrx_word' id='word_1_27' title='bbox 729 1475 763 1540; x_wconf 91' lang='lat' dir='ltr'>in</span> <span class='ocrx_word' id='word_1_28' title='bbox 789 1476 944 1560; x_wconf 78' lang='lat' dir='ltr'>proxumo</span> <span class='ocrx_word' id='word_1_29' title='bbox 971 1474 1023 1540; x_wconf 92' lang='lat' dir='ltr'>hic</span> <span class='ocrx_word' id='word_1_30' title='bbox 1048 1496 1131 1539; x_wconf 89' lang='lat' dir='ltr'>mer-</span> 
     </span>
     <span class='ocr_line' id='line_1_8' title="bbox 520 1569 741 1655; baseline -0.006 -19.583"><span class='ocrx_word' id='word_1_31' title='bbox 520 1572 673 1655; x_wconf 50' lang='grc' dir='ltr'>ψηιιιὶῐιιι</span> <span class='ocrx_word' id='word_1_32' title='bbox 692 1569 741 1654; x_wconf 86' lang='lat' dir='ltr'>os)</span> 
     </span>
    </p>

    <p class='ocr_par' dir='ltr' id='par_1_7' title="bbox 246 1635 1183 1748">
     <span class='ocr_line' id='line_1_9' title="bbox 246 1635 1183 1748; baseline -0.009 -18"><span class='ocrx_word' id='word_1_33' title='bbox 246 1635 347 1730; x_wconf 91' lang='lat' dir='ltr'>Neo</span> <span class='ocrx_word' id='word_1_34' title='bbox 331 1638 382 1730; x_wconf 81' lang='lat' dir='ltr'>rei</span> <span class='ocrx_word' id='word_1_35' title='bbox 383 1636 484 1730; x_wconf 78' lang='lat' dir='ltr'>iere</span> <span class='ocrx_word' id='word_1_36' title='bbox 479 1686 554 1729; x_wconf 87' lang='lat' dir='ltr'>sane</span> <span class='ocrx_word' id='word_1_37' title='bbox 571 1664 626 1728; x_wconf 77' lang='lat' dir='ltr'>hoo</span> <span class='ocrx_word' id='word_1_38' title='bbox 642 1663 778 1748; x_wconf 77' lang='lat' dir='ltr'>amplius</span> <span class='ocrx_word' id='word_1_39' title='bbox 796 1663 966 1747; x_wconf 69' lang='lat' dir='ltr'>quicquam</span> <span class='ocrx_word' id='word_1_40' title='bbox 984 1662 1058 1728; x_wconf 82' lang='lat' dir='ltr'>fuit:</span> <span class='ocrx_word' id='word_1_41' title='bbox 1148 1668 1183 1722; x_wconf 83' lang='lat'>55</span> 
     </span>
    </p>

    <p class='ocr_par' dir='ltr' id='par_1_8' title="bbox 129 1757 939 1848">
     <span class='ocr_line' id='line_1_10' title="bbox 129 1757 939 1848; baseline -0.005 -24"><span class='ocrx_word' id='word_1_42' title='bbox 129 1844 131 1848; x_wconf 10' lang='grc' dir='ltr'><em>Α</em></span> <span class='ocrx_word' id='word_1_43' title='bbox 247 1759 371 1825; x_wconf 78' lang='grc' dir='ltr'>Τιιιιιόιι</span> <span class='ocrx_word' id='word_1_44' title='bbox 387 1759 440 1824; x_wconf 89' lang='lat' dir='ltr'>uel</span> <span class='ocrx_word' id='word_1_45' title='bbox 457 1758 558 1823; x_wconf 90' lang='lat' dir='ltr'>uirtus</span> <span class='ocrx_word' id='word_1_46' title='bbox 576 1759 631 1822; x_wconf 88' lang='lat' dir='ltr'>tua</span> <span class='ocrx_word' id='word_1_47' title='bbox 647 1779 699 1822; x_wconf 93' lang='lat' dir='ltr'>me</span> <span class='ocrx_word' id='word_1_48' title='bbox 716 1757 767 1821; x_wconf 93' lang='lat' dir='ltr'>uel</span> <span class='ocrx_word' id='word_1_49' title='bbox 785 1757 939 1832; x_wconf 64' lang='lat' dir='ltr'>uicinius,</span> 
     </span>
    </p>

    <p class='ocr_par' dir='ltr' id='par_1_9' title="bbox 248 1850 1058 1937">
     <span class='ocr_line' id='line_1_11' title="bbox 248 1850 1058 1937; baseline -0.004 -19"><span class='ocrx_word' id='word_1_50' title='bbox 248 1852 347 1935; x_wconf 83' lang='lat' dir='ltr'>Quod</span> <span class='ocrx_word' id='word_1_51' title='bbox 365 1874 424 1937; x_wconf 86' lang='lat' dir='ltr'>ego</span> <span class='ocrx_word' id='word_1_52' title='bbox 441 1854 475 1916; x_wconf 83' lang='lat' dir='ltr'>in</span> <span class='ocrx_word' id='word_1_53' title='bbox 492 1852 670 1937; x_wconf 86' lang='lat' dir='ltr'>propinqua</span> <span class='ocrx_word' id='word_1_54' title='bbox 687 1853 776 1936; x_wconf 75' lang='lat' dir='ltr'>parte</span> <span class='ocrx_word' id='word_1_55' title='bbox 795 1851 902 1916; x_wconf 78' lang='lat' dir='ltr'>amicit</span> <span class='ocrx_word' id='word_1_56' title='bbox 878 1850 951 1915; x_wconf 74' lang='lat' dir='ltr'>&#39;tiae</span> <span class='ocrx_word' id='word_1_57' title='bbox 968 1861 1027 1936; x_wconf 90' lang='lat' dir='ltr'>put</span> <span class='ocrx_word' id='word_1_58' title='bbox 1028 1872 1058 1928; x_wconf 91' lang='lat' dir='ltr'>o,</span> 
     </span>
    </p>

    <p class='ocr_par' dir='ltr' id='par_1_10' title="bbox 247 1945 1041 2023">
     <span class='ocr_line' id='line_1_12' title="bbox 247 1945 1041 2023; baseline -0.001 -12"><span class='ocrx_word' id='word_1_59' title='bbox 247 1947 339 2013; x_wconf 80' lang='lat' dir='ltr'>Facit</span> <span class='ocrx_word' id='word_1_60' title='bbox 356 1948 440 2012; x_wconf 79' lang='lat' dir='ltr'>otte</span> <span class='ocrx_word' id='word_1_61' title='bbox 458 1946 607 2011; x_wconf 84' lang='lat' dir='ltr'>audacter</span> <span class='ocrx_word' id='word_1_62' title='bbox 624 1948 770 2010; x_wconf 78' lang='lat' dir='ltr'>moneam</span> <span class='ocrx_word' id='word_1_63' title='bbox 788 1955 819 2009; x_wconf 89' lang='lat' dir='ltr'>ot</span> <span class='ocrx_word' id='word_1_64' title='bbox 836 1945 1041 2023; x_wconf 73' lang='lat' dir='ltr'>familiariter,</span> 
     </span>
    </p>

    <p class='ocr_par' dir='ltr' id='par_1_11' title="bbox 248 2040 965 2124">
     <span class='ocr_line' id='line_1_13' title="bbox 248 2040 965 2124; baseline -0.003 -19"><span class='ocrx_word' id='word_1_65' title='bbox 248 2040 346 2123; x_wconf 83' lang='lat' dir='ltr'>Quod</span> <span class='ocrx_word' id='word_1_66' title='bbox 362 2040 440 2104; x_wconf 84' lang='lat' dir='ltr'>mihi</span> <span class='ocrx_word' id='word_1_67' title='bbox 457 2041 566 2105; x_wconf 89' lang='lat' dir='ltr'>uidere</span> <span class='ocrx_word' id='word_1_68' title='bbox 583 2041 708 2124; x_wconf 74' lang='lat' dir='ltr'>praeter</span> <span class='ocrx_word' id='word_1_69' title='bbox 724 2041 860 2103; x_wconf 78' lang='lat' dir='ltr'>aetatem</span> <span class='ocrx_word' id='word_1_70' title='bbox 878 2050 965 2103; x_wconf 91' lang='lat' dir='ltr'>tuam</span> 
     </span>
    </p>

    <p class='ocr_par' dir='ltr' id='par_1_12' title="bbox 248 2133 1183 2220">
     <span class='ocr_line' id='line_1_14' title="bbox 248 2133 1183 2220; baseline 0.002 -20"><span class='ocrx_word' id='word_1_71' title='bbox 248 2134 369 2200; x_wconf 87' lang='lat' dir='ltr'>Facere</span> <span class='ocrx_word' id='word_1_72' title='bbox 387 2136 419 2199; x_wconf 79' lang='lat' dir='ltr'>et</span> <span class='ocrx_word' id='word_1_73' title='bbox 435 2145 560 2220; x_wconf 84' lang='lat' dir='ltr'>praeter</span> <span class='ocrx_word' id='word_1_74' title='bbox 577 2155 671 2216; x_wconf 88' lang='lat' dir='ltr'>quam</span> <span class='ocrx_word' id='word_1_75' title='bbox 689 2134 740 2197; x_wconf 79' lang='lat' dir='ltr'>rds</span> <span class='ocrx_word' id='word_1_76' title='bbox 758 2144 789 2197; x_wconf 89' lang='lat' dir='ltr'>te</span> <span class='ocrx_word' id='word_1_77' title='bbox 807 2133 991 2198; x_wconf 78' lang='lat' dir='ltr'>adhortatur</span> <span class='ocrx_word' id='word_1_78' title='bbox 1007 2144 1070 2197; x_wconf 89' lang='lat' dir='ltr'>tua.</span> <span class='ocrx_word' id='word_1_79' title='bbox 1149 2147 1183 2202; x_wconf 86' lang='grc'>60</span> 
     </span>
    </p>

    <p class='ocr_par' dir='ltr' id='par_1_13' title="bbox 247 2226 1131 2385">
     <span class='ocr_line' id='line_1_15' title="bbox 247 2226 1131 2314; baseline -0.005 -20"><span class='ocrx_word' id='word_1_80' title='bbox 247 2229 332 2294; x_wconf 87' lang='lat' dir='ltr'>Nam</span> <span class='ocrx_word' id='word_1_81' title='bbox 353 2230 410 2314; x_wconf 86' lang='lat' dir='ltr'>prd</span> <span class='ocrx_word' id='word_1_82' title='bbox 433 2229 528 2293; x_wconf 87' lang='lat' dir='ltr'>deum</span> <span class='ocrx_word' id='word_1_83' title='bbox 550 2239 645 2310; x_wconf 89' lang='lat' dir='ltr'>atque</span> <span class='ocrx_word' id='word_1_84' title='bbox 667 2226 830 2291; x_wconf 77' lang='lat' dir='ltr'>hominum</span> <span class='ocrx_word' id='word_1_85' title='bbox 851 2226 957 2304; x_wconf 86' lang='lat' dir='ltr'>fidem,</span> <span class='ocrx_word' id='word_1_86' title='bbox 984 2226 1060 2310; x_wconf 91' lang='lat' dir='ltr'>quid</span> <span class='ocrx_word' id='word_1_87' title='bbox 1082 2227 1131 2291; x_wconf 87' lang='lat' dir='ltr'>uis</span> 
     </span>
     <span class='ocr_line' id='line_1_16' title="bbox 585 2320 661 2385; baseline 0.013 -1"><span class='ocrx_word' id='word_1_88' title='bbox 585 2320 661 2385; x_wconf 87' lang='lat' dir='ltr'>tibi?</span> 
     </span>
    </p>

    <p class='ocr_par' dir='ltr' id='par_1_14' title="bbox 249 2414 973 2500">
     <span class='ocr_line' id='line_1_17' title="bbox 249 2414 973 2500; baseline -0.004 -19"><span class='ocrx_word' id='word_1_89' title='bbox 249 2416 337 2499; x_wconf 83' lang='lat' dir='ltr'>Quid</span> <span class='ocrx_word' id='word_1_90' title='bbox 354 2416 498 2500; x_wconf 76' lang='lat' dir='ltr'>quadris?</span> <span class='ocrx_word' id='word_1_91' title='bbox 516 2436 615 2480; x_wconf 89' lang='lat' dir='ltr'>annos</span> <span class='ocrx_word' id='word_1_92' title='bbox 634 2414 801 2499; x_wconf 76' lang='lat' dir='ltr'>sexaginta</span> <span class='ocrx_word' id='word_1_93' title='bbox 817 2416 910 2479; x_wconf 71' lang='lat' dir='ltr'>natus</span> <span class='ocrx_word' id='word_1_94' title='bbox 929 2436 973 2493; x_wconf 89' lang='lat' dir='ltr'>es,</span> 
     </span>
    </p>

    <p class='ocr_par' dir='ltr' id='par_1_15' title="bbox 249 2505 1130 2596">
     <span class='ocr_line' id='line_1_18' title="bbox 249 2505 1130 2596; baseline -0.002 -20"><span class='ocrx_word' id='word_1_95' title='bbox 249 2513 318 2577; x_wconf 87' lang='lat' dir='ltr'>Aut</span> <span class='ocrx_word' id='word_1_96' title='bbox 332 2511 402 2596; x_wconf 80' lang='lat' dir='ltr'>plus</span> <span class='ocrx_word' id='word_1_97' title='bbox 417 2530 466 2588; x_wconf 88' lang='lat' dir='ltr'>eo,</span> <span class='ocrx_word' id='word_1_98' title='bbox 479 2520 515 2574; x_wconf 93' lang='lat' dir='ltr'>ut</span> <span class='ocrx_word' id='word_1_99' title='bbox 528 2509 648 2574; x_wconf 86' lang='lat' dir='ltr'>conicio</span> <span class='ocrx_word' id='word_1_100' title='bbox 653 2534 662 2586; x_wconf 95' lang='lat'>;</span> <span class='ocrx_word' id='word_1_101' title='bbox 683 2505 823 2595; x_wconf 84' lang='lat' dir='ltr'>[agrum]</span> <span class='ocrx_word' id='word_1_102' title='bbox 838 2508 872 2572; x_wconf 92' lang='lat' dir='ltr'>in</span> <span class='ocrx_word' id='word_1_103' title='bbox 886 2507 934 2573; x_wconf 90' lang='lat' dir='ltr'>his</span> <span class='ocrx_word' id='word_1_104' title='bbox 948 2509 1130 2595; x_wconf 84' lang='lat' dir='ltr'>regidnibus</span> 
     </span>
    </p>

    <p class='ocr_par' dir='ltr' id='par_1_16' title="bbox 248 2602 1130 2689">
     <span class='ocr_line' id='line_1_19' title="bbox 248 2602 1130 2689; baseline -0.003 -19"><span class='ocrx_word' id='word_1_105' title='bbox 248 2605 415 2670; x_wconf 77' lang='lat' dir='ltr'>Meliorem</span> <span class='ocrx_word' id='word_1_106' title='bbox 429 2627 535 2689; x_wconf 70' lang='lat' dir='ltr'>cyrum</span> <span class='ocrx_word' id='word_1_107' title='bbox 548 2626 651 2687; x_wconf 93' lang='lat' dir='ltr'>neque</span> <span class='ocrx_word' id='word_1_108' title='bbox 669 2603 750 2688; x_wconf 80' lang='lat' dir='ltr'>preti</span> <span class='ocrx_word' id='word_1_109' title='bbox 767 2602 894 2667; x_wconf 85' lang='lat' dir='ltr'>maioris</span> <span class='ocrx_word' id='word_1_110' title='bbox 911 2605 1004 2668; x_wconf 76' lang='lat' dir='ltr'>ndmo</span> <span class='ocrx_word' id='word_1_111' title='bbox 1021 2603 1116 2669; x_wconf 89' lang='lat' dir='ltr'>habet</span> <span class='ocrx_word' id='word_1_112' title='bbox 1121 2630 1130 2682; x_wconf 85' lang='lat'>3</span> 
     </span>
    </p>

    <p class='ocr_par' dir='ltr' id='par_1_17' title="bbox 251 2697 1183 2783">
     <span class='ocr_line' id='line_1_20' title="bbox 251 2697 1183 2783; baseline 0.002 -19"><span class='ocrx_word' id='word_1_113' title='bbox 251 2698 370 2764; x_wconf 81' lang='lat' dir='ltr'>Seruds</span> <span class='ocrx_word' id='word_1_114' title='bbox 388 2697 572 2783; x_wconf 85' lang='lat' dir='ltr'>compluris:</span> <span class='ocrx_word' id='word_1_115' title='bbox 590 2697 721 2783; x_wconf 85' lang='lat' dir='ltr'>proinde</span> <span class='ocrx_word' id='word_1_116' title='bbox 738 2698 830 2781; x_wconf 86' lang='lat' dir='ltr'>quasi</span> <span class='ocrx_word' id='word_1_117' title='bbox 847 2698 940 2762; x_wconf 79' lang='lat' dir='ltr'>nemo</span> <span class='ocrx_word' id='word_1_118' title='bbox 959 2697 1028 2775; x_wconf 88' lang='lat' dir='ltr'>siet,</span> <span class='ocrx_word' id='word_1_119' title='bbox 1148 2712 1183 2766; x_wconf 85' lang='lat'>65</span> 
     </span>
    </p>

    <p class='ocr_par' dir='ltr' id='par_1_18' title="bbox 248 2789 944 2876">
     <span class='ocr_line' id='line_1_21' title="bbox 248 2789 944 2876; baseline -0.003 -18"><span class='ocrx_word' id='word_1_120' title='bbox 248 2793 300 2858; x_wconf 89' lang='lat' dir='ltr'>Ita</span> <span class='ocrx_word' id='word_1_121' title='bbox 317 2789 435 2856; x_wconf 75' lang='lat' dir='ltr'>attente</span> <span class='ocrx_word' id='word_1_122' title='bbox 453 2802 519 2856; x_wconf 89' lang='lat' dir='ltr'>tute</span> <span class='ocrx_word' id='word_1_123' title='bbox 537 2791 663 2856; x_wconf 76' lang='lat' dir='ltr'>illorum</span> <span class='ocrx_word' id='word_1_124' title='bbox 681 2812 699 2855; x_wconf 96' lang='lat' dir='ltr'>o</span> <span class='ocrx_word' id='word_1_125' title='bbox 701 2791 785 2855; x_wconf 78' lang='lat' dir='ltr'>fficio</span> <span class='ocrx_word' id='word_1_126' title='bbox 802 2790 944 2876; x_wconf 77' lang='lat' dir='ltr'>sdngere.</span> 
     </span>
    </p>

    <p class='ocr_par' dir='ltr' id='par_1_19' title="bbox 248 2885 1215 2981">
     <span class='ocr_line' id='line_1_22' title="bbox 248 2885 1215 2981; baseline -0.001 -29"><span class='ocrx_word' id='word_1_127' title='bbox 248 2887 430 2970; x_wconf 72' lang='lat' dir='ltr'>Numqudm</span> <span class='ocrx_word' id='word_1_128' title='bbox 448 2896 513 2950; x_wconf 86' lang='lat' dir='ltr'>tam</span> <span class='ocrx_word' id='word_1_129' title='bbox 530 2908 636 2950; x_wconf 86' lang='lat' dir='ltr'>mano</span> <span class='ocrx_word' id='word_1_130' title='bbox 642 2885 787 2970; x_wconf 75' lang='lat' dir='ltr'>egredior</span> <span class='ocrx_word' id='word_1_131' title='bbox 784 2907 907 2981; x_wconf 84' lang='lat' dir='ltr'>neque</span> <span class='ocrx_word' id='word_1_132' title='bbox 924 2895 990 2949; x_wconf 92' lang='lat' dir='ltr'>tam</span> <span class='ocrx_word' id='word_1_133' title='bbox 1006 2887 1131 2971; x_wconf 79' lang='lat' dir='ltr'>udsperi</span> <span class='ocrx_word' id='word_1_134' title='bbox 1213 2904 1215 2908; x_wconf 80' lang='grc'>’</span> 
     </span>
    </p>

    <p class='ocr_par' dir='ltr' id='par_1_20' title="bbox 220 2978 1058 3064">
     <span class='ocr_line' id='line_1_23' title="bbox 220 2978 1058 3064; baseline -0.001 -19"><span class='ocrx_word' id='word_1_135' title='bbox 220 3051 222 3055; x_wconf 67' lang='lat'>,</span> <span class='ocrx_word' id='word_1_136' title='bbox 248 2980 391 3045; x_wconf 79' lang='lat' dir='ltr'>Domdm</span> <span class='ocrx_word' id='word_1_137' title='bbox 408 2990 561 3057; x_wconf 86' lang='lat' dir='ltr'>reuortor,</span> <span class='ocrx_word' id='word_1_138' title='bbox 580 2982 655 3063; x_wconf 85' lang='lat' dir='ltr'>quin</span> <span class='ocrx_word' id='word_1_139' title='bbox 674 2991 706 3044; x_wconf 94' lang='lat' dir='ltr'>e</span> <span class='ocrx_word' id='word_1_140' title='bbox 723 3003 757 3043; x_wconf 89' lang='grc' dir='ltr'>ιιι</span> <span class='ocrx_word' id='word_1_141' title='bbox 774 2978 874 3043; x_wconf 86' lang='lat' dir='ltr'>fundo</span> <span class='ocrx_word' id='word_1_142' title='bbox 894 2979 1058 3064; x_wconf 78' lang='lat' dir='ltr'>conspicer</span> 
     </span>
    </p>

    <p class='ocr_par' dir='ltr' id='par_1_21' title="bbox 249 3073 1058 3157">
     <span class='ocr_line' id='line_1_24' title="bbox 249 3073 1058 3157; baseline 0 -18"><span class='ocrx_word' id='word_1_143' title='bbox 249 3075 373 3139; x_wconf 82' lang='lat' dir='ltr'>Fodere</span> <span class='ocrx_word' id='word_1_144' title='bbox 392 3075 447 3138; x_wconf 80' lang='lat' dir='ltr'>aut</span> <span class='ocrx_word' id='word_1_145' title='bbox 464 3077 554 3138; x_wconf 85' lang='lat' dir='ltr'>arare</span> <span class='ocrx_word' id='word_1_146' title='bbox 572 3085 627 3138; x_wconf 88' lang='lat' dir='ltr'>aut</span> <span class='ocrx_word' id='word_1_147' title='bbox 644 3073 766 3156; x_wconf 78' lang='lat' dir='ltr'>aliquid</span> <span class='ocrx_word' id='word_1_148' title='bbox 783 3073 876 3138; x_wconf 86' lang='lat' dir='ltr'>ferro</span> <span class='ocrx_word' id='word_1_149' title='bbox 922 3073 1058 3157; x_wconf 78' lang='lat' dir='ltr'>ddnique</span> 
     </span>
    </p>

    <p class='ocr_par' dir='ltr' id='par_1_22' title="bbox 248 3166 1183 3252">
     <span class='ocr_line' id='line_1_25' title="bbox 248 3166 1183 3252; baseline 0 -19"><span class='ocrx_word' id='word_1_150' title='bbox 248 3169 380 3234; x_wconf 82' lang='lat' dir='ltr'>Nulldm</span> <span class='ocrx_word' id='word_1_151' title='bbox 398 3167 531 3233; x_wconf 86' lang='lat' dir='ltr'>remittis</span> <span class='ocrx_word' id='word_1_152' title='bbox 548 3169 673 3252; x_wconf 74' lang='lat' dir='ltr'>tempus</span> <span class='ocrx_word' id='word_1_153' title='bbox 691 3188 796 3252; x_wconf 87' lang='lat' dir='ltr'>neque</span> <span class='ocrx_word' id='word_1_154' title='bbox 813 3166 1002 3251; x_wconf 74' lang='lat' dir='ltr'>terdspicis.</span> <span class='ocrx_word' id='word_1_155' title='bbox 1149 3179 1183 3233; x_wconf 69' lang='lat' dir='ltr'>to</span> 
     </span>
    </p>

    <p class='ocr_par' dir='ltr' id='par_1_23' title="bbox 248 3258 1078 3347">
     <span class='ocr_line' id='line_1_26' title="bbox 248 3258 1078 3347; baseline -0.004 -20"><span class='ocrx_word' id='word_1_156' title='bbox 248 3265 340 3327; x_wconf 91' lang='lat' dir='ltr'>Haec</span> <span class='ocrx_word' id='word_1_157' title='bbox 356 3264 421 3327; x_wconf 88' lang='grc' dir='ltr'>ιιόιι</span> <span class='ocrx_word' id='word_1_158' title='bbox 439 3260 594 3347; x_wconf 87' lang='lat' dir='ltr'>uoluptati</span> <span class='ocrx_word' id='word_1_159' title='bbox 611 3260 670 3324; x_wconf 86' lang='lat' dir='ltr'>tibi</span> <span class='ocrx_word' id='word_1_160' title='bbox 688 3283 757 3325; x_wconf 86' lang='lat' dir='ltr'>esse</span> <span class='ocrx_word' id='word_1_161' title='bbox 776 3260 851 3325; x_wconf 84' lang='lat' dir='ltr'>satis</span> <span class='ocrx_word' id='word_1_162' title='bbox 871 3262 955 3325; x_wconf 80' lang='lat' dir='ltr'>certo</span> <span class='ocrx_word' id='word_1_163' title='bbox 973 3258 1048 3324; x_wconf 87' lang='lat' dir='ltr'>scio.</span> <span class='ocrx_word' id='word_1_164' title='bbox 1075 3276 1078 3281; x_wconf 86' lang='grc'><strong><em>’</em></strong></span> 
     </span>
    </p>

    <p class='ocr_par' dir='ltr' id='par_1_24' title="bbox 249 3353 1109 3439">
     <span class='ocr_line' id='line_1_27' title="bbox 249 3353 1109 3439; baseline -0.003 -19"><span class='ocrx_word' id='word_1_165' title='bbox 249 3353 374 3420; x_wconf 87' lang='lat' dir='ltr'>‘Enim&#39;</span> <span class='ocrx_word' id='word_1_166' title='bbox 393 3355 478 3420; x_wconf 86' lang='lat' dir='ltr'>dices</span> <span class='ocrx_word' id='word_1_167' title='bbox 497 3362 666 3438; x_wconf 87' lang='lat' dir='ltr'>‘quantum</span> <span class='ocrx_word' id='word_1_168' title='bbox 684 3354 736 3419; x_wconf 92' lang='lat' dir='ltr'>hic</span> <span class='ocrx_word' id='word_1_169' title='bbox 754 3353 858 3439; x_wconf 80' lang='lat' dir='ltr'>operis</span> <span class='ocrx_word' id='word_1_170' title='bbox 875 3353 932 3418; x_wconf 85' lang='lat' dir='ltr'>fiat</span> <span class='ocrx_word' id='word_1_171' title='bbox 948 3353 1109 3439; x_wconf 66' lang='lat' dir='ltr'>padnitet?</span> 
     </span>
    </p>
   </div>
   <div class='ocr_carea' id='block_1_5' title="bbox 124 3443 1284 4098">
    <p class='ocr_par' dir='ltr' id='par_1_25' title="bbox 124 3443 1284 4098">
     <span class='ocr_line' id='line_1_28' title="bbox 133 3443 1095 3534; baseline -0.002 -20"><span class='ocrx_word' id='word_1_172' title='bbox 133 3443 137 3450; x_wconf 72' lang='grc'><em>’</em></span> <span class='ocrx_word' id='word_1_173' title='bbox 249 3448 345 3531; x_wconf 82' lang='lat' dir='ltr'>Quod</span> <span class='ocrx_word' id='word_1_174' title='bbox 362 3449 396 3513; x_wconf 89' lang='lat' dir='ltr'>in</span> <span class='ocrx_word' id='word_1_175' title='bbox 414 3450 509 3534; x_wconf 79' lang='lat' dir='ltr'>opere</span> <span class='ocrx_word' id='word_1_176' title='bbox 531 3448 681 3513; x_wconf 87' lang='lat' dir='ltr'>faciundo</span> <span class='ocrx_word' id='word_1_177' title='bbox 700 3449 815 3533; x_wconf 82' lang='lat' dir='ltr'>dperae</span> <span class='ocrx_word' id='word_1_178' title='bbox 833 3449 992 3512; x_wconf 80' lang='lat' dir='ltr'>consumis</span> <span class='ocrx_word' id='word_1_179' title='bbox 1012 3457 1095 3524; x_wconf 90' lang='lat' dir='ltr'>tuae,</span> 
     </span>
     <span class='ocr_line' id='line_1_29' title="bbox 252 3541 951 3626; baseline -0.006 -18"><span class='ocrx_word' id='word_1_180' title='bbox 252 3543 288 3608; x_wconf 85' lang='lat' dir='ltr'>Si</span> <span class='ocrx_word' id='word_1_181' title='bbox 306 3544 413 3614; x_wconf 74' lang='lat' dir='ltr'>sirmas</span> <span class='ocrx_word' id='word_1_182' title='bbox 430 3543 463 3605; x_wconf 92' lang='lat' dir='ltr'>in</span> <span class='ocrx_word' id='word_1_183' title='bbox 480 3541 542 3614; x_wconf 79' lang='lat' dir='ltr'>illis</span> <span class='ocrx_word' id='word_1_184' title='bbox 559 3542 755 3619; x_wconf 75' lang='lat' dir='ltr'>¹exercendis,</span> <span class='ocrx_word' id='word_1_185' title='bbox 774 3542 845 3626; x_wconf 76' lang='lat' dir='ltr'>piris</span> <span class='ocrx_word' id='word_1_186' title='bbox 864 3563 951 3626; x_wconf 85' lang='lat' dir='ltr'>agas.</span> 
     </span>
     <span class='ocr_line' id='line_1_30' title="bbox 165 3627 1284 3712; baseline -0.001 -10"><span class='ocrx_word' id='word_1_187' title='bbox 165 3639 233 3702; x_wconf 85' lang='lat' dir='ltr'>Mn.</span> <span class='ocrx_word' id='word_1_188' title='bbox 249 3635 413 3712; x_wconf 76' lang='lat' dir='ltr'>Chremes,</span> <span class='ocrx_word' id='word_1_189' title='bbox 432 3646 597 3700; x_wconf 86' lang='lat' dir='ltr'>tantumne</span> <span class='ocrx_word' id='word_1_190' title='bbox 614 3635 656 3700; x_wconf 88' lang='lat' dir='ltr'>ab</span> <span class='ocrx_word' id='word_1_191' title='bbox 673 3637 707 3699; x_wconf 78' lang='grc' dir='ltr'>ιό</span> <span class='ocrx_word' id='word_1_192' title='bbox 725 3646 810 3700; x_wconf 86' lang='lat' dir='ltr'>tuast</span> <span class='ocrx_word' id='word_1_193' title='bbox 827 3636 871 3699; x_wconf 82' lang='lat' dir='ltr'>oti</span> <span class='ocrx_word' id='word_1_194' title='bbox 888 3635 956 3711; x_wconf 91' lang='lat' dir='ltr'>tibi,</span> <span class='ocrx_word' id='word_1_195' title='bbox 1148 3647 1182 3701; x_wconf 80' lang='grc'>75</span> <span class='ocrx_word' id='word_1_196' title='bbox 1282 3627 1284 3630; x_wconf 34' lang='lat'><em>⁴</em></span> 
     </span>
     <span class='ocr_line' id='line_1_31' title="bbox 250 3727 1025 3811; baseline -0.005 -17"><span class='ocrx_word' id='word_1_197' title='bbox 250 3729 365 3809; x_wconf 86' lang='lat' dir='ltr'>Alie&#39;na</span> <span class='ocrx_word' id='word_1_198' title='bbox 384 3740 419 3794; x_wconf 89' lang='lat' dir='ltr'>ut</span> <span class='ocrx_word' id='word_1_199' title='bbox 437 3751 528 3794; x_wconf 88' lang='lat' dir='ltr'>cures</span> <span class='ocrx_word' id='word_1_200' title='bbox 547 3729 585 3793; x_wconf 75' lang='lat' dir='ltr'>da</span> <span class='ocrx_word' id='word_1_201' title='bbox 603 3750 685 3811; x_wconf 88' lang='lat' dir='ltr'>quae</span> <span class='ocrx_word' id='word_1_202' title='bbox 704 3728 749 3792; x_wconf 95' lang='lat' dir='ltr'>nil</span> <span class='ocrx_word' id='word_1_203' title='bbox 766 3728 807 3793; x_wconf 84' lang='lat' dir='ltr'>ad</span> <span class='ocrx_word' id='word_1_204' title='bbox 825 3740 855 3793; x_wconf 90' lang='lat' dir='ltr'>te</span> <span class='ocrx_word' id='word_1_205' title='bbox 873 3727 1025 3792; x_wconf 74' lang='lat' dir='ltr'>attinent?</span> 
     </span>
     <span class='ocr_line' id='line_1_32' title="bbox 124 3822 1038 3908; baseline 0.001 -25"><span class='ocrx_word' id='word_1_206' title='bbox 124 3843 151 3884; x_wconf 79' lang='grc' dir='ltr'>ιι</span> <span class='ocrx_word' id='word_1_207' title='bbox 165 3823 225 3888; x_wconf 84' lang='lat' dir='ltr'>Cu.</span> <span class='ocrx_word' id='word_1_208' title='bbox 247 3824 355 3888; x_wconf 79' lang='lat' dir='ltr'>Homo</span> <span class='ocrx_word' id='word_1_209' title='bbox 377 3846 462 3888; x_wconf 85' lang='lat' dir='ltr'>sum:</span> <span class='ocrx_word' id='word_1_210' title='bbox 480 3822 610 3886; x_wconf 88' lang='lat' dir='ltr'>humani</span> <span class='ocrx_word' id='word_1_211' title='bbox 628 3822 673 3886; x_wconf 86' lang='lat' dir='ltr'>nil</span> <span class='ocrx_word' id='word_1_212' title='bbox 690 3845 709 3886; x_wconf 92' lang='lat' dir='ltr'>a</span> <span class='ocrx_word' id='word_1_213' title='bbox 726 3845 777 3886; x_wconf 86' lang='lat' dir='ltr'>me</span> <span class='ocrx_word' id='word_1_214' title='bbox 796 3822 933 3887; x_wconf 79' lang='lat' dir='ltr'>alienum</span> <span class='ocrx_word' id='word_1_215' title='bbox 951 3831 1038 3908; x_wconf 88' lang='lat' dir='ltr'>puto.</span> 
     </span>
     <span class='ocr_line' id='line_1_33' title="bbox 248 3916 976 4001; baseline -0.007 -18"><span class='ocrx_word' id='word_1_216' title='bbox 248 3916 311 3983; x_wconf 93' lang='lat' dir='ltr'>Vel</span> <span class='ocrx_word' id='word_1_217' title='bbox 329 3919 379 3981; x_wconf 80' lang='lat' dir='ltr'>md</span> <span class='ocrx_word' id='word_1_218' title='bbox 397 3938 526 3982; x_wconf 90' lang='lat' dir='ltr'>monere</span> <span class='ocrx_word' id='word_1_219' title='bbox 543 3917 604 3981; x_wconf 91' lang='lat' dir='ltr'>hoo</span> <span class='ocrx_word' id='word_1_220' title='bbox 621 3916 674 3980; x_wconf 73' lang='lat' dir='ltr'>uel</span> <span class='ocrx_word' id='word_1_221' title='bbox 691 3918 869 4001; x_wconf 79' lang='lat' dir='ltr'>percontari</span> <span class='ocrx_word' id='word_1_222' title='bbox 886 3927 976 4000; x_wconf 86' lang='lat' dir='ltr'>puta:</span> 
     </span>
     <span class='ocr_line' id='line_1_34' title="bbox 248 4008 1128 4098; baseline -0.005 -22"><span class='ocrx_word' id='word_1_223' title='bbox 248 4010 422 4087; x_wconf 80' lang='lat' dir='ltr'>Rectumst,</span> <span class='ocrx_word' id='word_1_224' title='bbox 439 4031 499 4098; x_wconf 84' lang='lat' dir='ltr'>ego</span> <span class='ocrx_word' id='word_1_225' title='bbox 513 4021 549 4075; x_wconf 92' lang='lat' dir='ltr'>ut</span> <span class='ocrx_word' id='word_1_226' title='bbox 562 4009 691 4086; x_wconf 86' lang='lat' dir='ltr'>faciam3</span> <span class='ocrx_word' id='word_1_227' title='bbox 706 4012 769 4075; x_wconf 87' lang='grc' dir='ltr'>ιιόιι</span> <span class='ocrx_word' id='word_1_228' title='bbox 784 4020 841 4086; x_wconf 83' lang='lat' dir='ltr'>est,</span> <span class='ocrx_word' id='word_1_229' title='bbox 857 4020 887 4073; x_wconf 91' lang='lat' dir='ltr'>te</span> <span class='ocrx_word' id='word_1_230' title='bbox 900 4020 936 4073; x_wconf 90' lang='lat' dir='ltr'>ut</span> <span class='ocrx_word' id='word_1_231' title='bbox 945 4008 1128 4072; x_wconf 73' lang='lat' dir='ltr'>deterream.</span> 
     </span>
    </p>
   </div>
   <div class='ocr_carea' id='block_1_6' title="bbox 0 0 1313 4432">
    <p class='ocr_par' dir='ltr' id='par_1_26' title="bbox 0 0 1313 4432">
     <span class='ocr_line' id='line_1_35' title="bbox 0 0 1313 4432; baseline 0 0"><span class='ocrx_word' id='word_1_232' title='bbox 0 0 1313 4432; x_wconf 95' lang='lat' dir='ltr'> </span> 
     </span>
    </p>
   </div>
  </div>
 </body>
</html>
