2602 4432
510 249 719 307 nummoli
822 245 828 258 ¹
1033 233 1098 300 239

202 376 283 440 'Pro
301 377 370 442 ιιιεό
387 376 456 441 iure
473 364 1036 461 age103p6stne1'nesliieltnoulnm

218 470 330 535 Patres
349 492 431 554 quae
448 469 579 546 faciunt,
596 469 679 552 qnae
696 468 756 534 fert
774 458 997 545 ndulsscentia,

217 563 268 628 Ea
284 563 325 629 nd
342 586 394 628 me
410 563 491 628 celet
507 561 685 629 e6nsuefeei
702 560 815 627 fllium.

217 658 301 723 Nam
318 659 375 742 qui
390 657 515 722 mentiri
532 669 587 721 aut
604 656 713 721 fellere
730 655 861 720 insuenit
876 665 1010 741 patrem,
1116 667 1151 725 55

217 752 307 831 †Aut
324 751 474 832 audebit†
491 761 579 814 tanto
597 749 698 835 migis
716 748 845 814 audebit
862 750 992 816 eeteros.

218 844 346 910 Pudtire
364 856 395 909 et
412 843 598 909 liberalitate
615 842 730 908 liberos

218 937 367 1003 Retinere
384 937 482 1002 satius
500 938 569 1001 esse
587 935 681 1000 credo
698 936 795 1020 quim
812 945 908 1000 metu.

217 1033 310 1097 Haeo
327 1031 417 1096 frttri
428 1053 552 1096 mecum
565 1030 628 1094 ιιόιι
642 1029 835 1095 conueniunt
846 1031 950 1112 neque
964 1030 1099 1114 placent.

136 1139 138 1143 ’
218 1126 317 1192 Venit
333 1126 375 1190 sd
391 1147 444 1190 me
460 1146 556 1210 saepe
574 1126 713 1189 elimans
731 1122 822 1206 ‘quid
839 1123 918 1210 agis,
936 1123 1054 1188 Micio?
1118 1130 1152 1185 60

220 1219 311 1301 Quor
327 1219 433 1305 perdis
451 1216 686 1283 adulescentem
703 1216 814 1281 nobis?
832 1216 910 1300 quir
927 1219 1031 1282 amat?

220 1312 311 1395 Quor
326 1312 435 1398 putat?
452 1333 532 1396 quor
549 1322 584 1375 tu
597 1310 646 1374 his
664 1309 759 1375 rebus
773 1321 932 1395 sumptum
946 1311 1100 1398 suggeris,

220 1407 347 1472 Vestitu
362 1405 460 1471 nimio
477 1405 643 1490 indulges?
659 1403 793 1468 nimium
809 1403 935 1489 ineptus
953 1405 1007 1470 es.’

219 1501 360 1566 Nimium
385 1501 453 1585 ipse
485 1509 532 1564 est
559 1498 657 1563 durus
688 1498 813 1584 praeter
841 1520 1039 1583 aequomque
1069 1501 1102 1565 et

557 1592 687 1668 bonum,

219 1688 263 1753 Et
281 1690 363 1753 errat
380 1687 474 1772 longe
492 1689 563 1750 meni
580 1685 708 1769 quidem
726 1684 889 1762 sententia,
1118 1692 1153 1748 65

222 1782 286 1862 Qui
304 1781 470 1866 imperium
488 1780 596 1845 eredat
613 1780 743 1866 grunius
760 1802 829 1845 esse
847 1791 902 1845 ent
919 1780 1071 1858 stabilius,

220 1877 263 1941 Vi
276 1875 360 1959 quid
378 1875 424 1952 fit,
442 1896 538 1959 quam
557 1874 635 1937 illud
652 1873 738 1957 qutid
755 1874 893 1938 amicitia
910 1874 1102 1961 adiungitur.

219 1969 297 2034 Mea
314 1970 359 2033 sin
377 1978 424 2033 est
441 1968 520 2032 ratio
539 1980 570 2033 et
588 1969 633 2032 sic
650 1968 791 2031 animum
808 1968 924 2033 induet
942 1992 1063 2035 meum:

218 2063 308 2129 Malu
325 2075 452 2129 coactus
470 2063 526 2146 qui
543 2083 635 2126 suom
653 2061 793 2127 officium
811 2063 897 2140 facit,

219 2157 307 2222 Dum
325 2156 358 2220 id
375 2155 523 2221 rescitum
541 2156 580 2219 iri
598 2156 706 2232 eredit,
724 2156 877 2241 tantisper
893 2168 1004 2242 panet3
1120 2163 1154 2219 70

221 2251 255 2317 Si
274 2250 463 2336 speratione
481 2249 573 2328 elam,
591 2250 716 2314 rursum
735 2250 775 2314 ad
792 2250 955 2336 ingenium
972 2252 1063 2317 redit.

219 2346 278 2410 Ille
295 2347 389 2428 quem
408 2343 561 2408 beneficio
579 2343 734 2429 adiungas
754 2367 794 2409 ex
811 2344 915 2409 anime
931 2344 1017 2423 feeit,
1049 2413 1052 2418 ,

222 2439 336 2502 Studet
353 2439 411 2523 ptr
428 2437 555 2513 referre,
573 2439 721 2522 praesens
739 2437 916 2522 absensque
932 2439 1016 2505 idem
1034 2441 1101 2506 erit.

220 2533 292 2595 Hos
309 2531 485 2617 putriumst
502 2531 608 2616 potius
626 2531 847 2597 sinsuefaeere
865 2533 967 2597 filium

220 2626 288 2693 Sua
308 2625 418 2711 spente
436 2636 520 2691 reete
537 2625 642 2692 fucere
659 2647 755 2710 qnam
773 2626 874 2691 aliene
892 2638 992 2693 metu:
1121 2641 1155 2697 75

219 2722 293 2784 Hoc
310 2722 401 2805 puter
418 2741 455 2784 ae
474 2719 619 2784 dominus
636 2721 776 2784 interest.
810 2720 870 2785 hoe
887 2723 943 2805 qui
959 2723 1077 2807 nequit,

219 2814 373 2878 Fateitur
389 2813 510 2879 nescire
527 2815 683 2899 imperare
700 2813 817 2879 liberis.

221 2906 287 2972 sed
304 2907 394 2972 estne
412 2906 462 2972 hie
480 2907 578 2993 ipsus,
602 2907 642 2972 ds
660 2929 723 2992 quo
741 2908 896 2993 agebam?
919 2920 950 2975 et
972 2911 1056 2976 certe
1076 2912 1102 2978 is

559 3013 616 3067 est.

219 3094 335 3160 Nescio
353 3094 431 3178 quid
448 3094 567 3160 tristem
585 3095 694 3160 uideo:
717 3093 822 3172 eredo,
839 3094 904 3159 ium
919 3097 955 3161 ιἰι
972 3098 1051 3163 solet

219 3188 372 3275 Iurgtbit.
409 3188 532 3252 saluom
550 3198 582 3253 te
599 3186 758 3264 tduenire
776 3186 911 3267 Demea,
1120 3197 1155 3251 80

222 3281 418 3348 Gaudemus.

444 3459 595 3523 Dunns
654 3460 790 3526 M101o

473 3567 564 3610 sunus
712 3569 734 3609 11

84 3677 103 3727 1
113 3679 125 3717 ι
357 3657 419 3722 Dn.
438 3656 553 3735 Ehem,
571 3658 760 3743 opportune.
779 3669 809 3724 te
827 3658 930 3744 ipsum
949 3660 1101 3743 quaerito.

136 3753 196 3816 M1.
219 3751 306 3833 Quid
341 3752 438 3815 tiistis
473 3754 526 3816 es?
572 3750 637 3816 Du.
672 3751 781 3838 Regis
816 3754 886 3817 me?
872 3752 976 3818 tubi
1011 3755 1102 3819 nobis

559 3845 772 3911 Aeschinust?

222 3937 304 4004 Sciet
339 3938 417 4024 quid
451 3939 547 4004 tnst1s
560 3939 647 4099 ἐξὲξ
678 3939 758 4008 sim?
814 3939 873 4005 Μι.
909 3939 1008 4006 Dixin
1043 3940 1104 4007 hde
