2602 4432
159 218 221 288 198
567 231 724 291 uacuas
895 274 898 282 .
1062 232 1182 301 motu

158 354 256 439 Quod
272 354 299 421 sl
316 353 503 441 scripturam
521 357 712 444 spreuissem
729 357 762 422 in
779 355 958 442 praesentia

105 474 140 528 25
157 458 202 525 Et
218 459 252 524 in
269 458 455 525 deterrendo
472 461 645 526 noluissem
662 481 791 546 operam
809 459 943 538 sirmere,

158 560 254 628 Vtin
271 560 335 627 dtio
354 572 436 627 esset
452 562 557 647 pdtius
575 584 672 646 quam
688 562 721 628 in
739 562 880 648 negotior

158 662 392 729 Deterruissem
410 663 513 742 facile,
530 687 571 730 ne
589 664 667 730 alias
684 664 845 730 scriberet

156 764 251 830 Nunc
268 766 345 850 quid
362 778 478 852 petam,
495 789 567 833 mea
585 765 682 832 eatsa
699 787 800 850 aequo
818 766 923 831 animo
942 764 1106 831 attendite.
1143 784 1170 824 ιο

157 867 318 952 Hecyram
335 867 377 934 ad
394 890 452 934 uos
470 869 584 948 refero,
602 870 700 953 quarn
716 868 794 933 mihi
810 891 867 955 per
884 868 1044 934 silentium

105 984 140 1040 30
157 967 340 1054 Numquam
353 971 451 1056 agere
463 969 628 1036 licitumst:
641 972 687 1036 ita
699 994 770 1037 eam
783 970 938 1057 oppressit
952 970 1128 1037 cilamitas.

156 1070 239 1136 Eam
257 1072 466 1138 cdlamitatem
483 1075 591 1139 udstra
607 1072 823 1160 intellegentia

157 1171 299 1250 sedabit,
318 1174 345 1239 si
362 1175 421 1240 erit
437 1175 574 1241 adiuuix
590 1186 717 1241 nostrae
734 1174 916 1240 indirstriae

156 1275 264 1358 Quom
281 1278 418 1363 primum
436 1301 507 1343 eam
524 1300 621 1364 agere
638 1277 740 1365 coepi,
757 1277 903 1365 pugilum
920 1277 1029 1364 gloria,
1141 1293 1170 1336 2⁵

156 1376 365 1464 [Funambuli
383 1380 495 1446 eodem
512 1380 645 1446 accessit
663 1377 855 1467 expectatio]

103 1496 138 1550 35
156 1479 317 1546 Comitum
335 1493 522 1561 conuentus,
540 1482 700 1569 strepitus,
719 1483 838 1548 clamor
854 1481 1021 1548 mdlierum

154 1583 274 1648 Fecere
291 1595 328 1649 ut
344 1594 417 1650 ante
435 1585 559 1670 tempus
577 1584 696 1650 exirem
713 1585 809 1650 foras.

155 1684 273 1750 Vetere
288 1687 323 1751 in
340 1708 426 1753 noua
443 1686 534 1772 coepi
550 1686 598 1752 uti
615 1687 854 1766 consuetirdine,

154 1786 194 1850 ln
211 1787 406 1872 experiundo
423 1799 460 1853 ut
475 1789 593 1855 essemz
610 1789 714 1856 refero
732 1789 845 1855 denuo.
1139 1807 1168 1850 ao

153 1887 262 1952 Primo
279 1891 353 1955 actu
370 1889 491 1976 placeo.
525 1911 623 1975 quom
639 1892 760 1957 interea
776 1892 884 1956 rumor
901 1889 990 1956 uenit

102 2005 137 2061 to
154 1990 275 2056 Datum
293 1991 332 2057 tri
349 1993 549 2079 gladiatores,
567 1995 703 2080 populus
721 1993 876 2071 conuolat,

154 2093 403 2162 Tumirltuantur
419 2098 556 2163 clamant
572 2107 718 2184 pugnant
734 2096 774 2162 dt
791 2097 876 2162 loco:

154 2196 226 2282 Ego
243 2197 365 2265 interea
381 2223 488 2267 meum
504 2223 568 2266 non
586 2199 674 2286 potui
691 2202 786 2265 tutari
801 2199 916 2265 locum.

153 2298 249 2365 Nunc
266 2301 359 2366 turba
376 2314 518 2369 nonest:
538 2303 638 2369 otium
655 2314 688 2368 et
705 2301 907 2368 silentiumst:
1136 2320 1165 2364 aa

152 2403 283 2488 Agendi
301 2414 426 2491 tempus
443 2404 521 2469 mihi
539 2406 677 2470 datumst
683 2429 693 2483 3
711 2406 802 2470 uobis
819 2404 912 2469 datur

99 2515 136 2571 45
152 2504 300 2571 Potestas
317 2507 548 2573 condecorandi
564 2508 655 2573 ludos
674 2506 845 2573 scaenicos.

152 2606 259 2672 Nolite
278 2609 380 2675 sinere
398 2611 454 2695 per
471 2631 529 2674 uos
547 2619 648 2674 artem
664 2608 818 2673 musicam
882 2612 890 2639 ³

152 2709 365 2778 Resonant
381 2733 515 2797 paucos:
533 2710 628 2776 facite
645 2721 682 2776 ut
698 2721 806 2775 nostra
822 2708 991 2775 aucto'ritas

151 2811 248 2877 Meae
265 2812 444 2878 auctdritati
461 2814 579 2879 fautrix
597 2814 797 2898 adiutrixque
814 2812 863 2877 sit.
1134 2831 1162 2872 ro

154 2911 206 2999 [Si
222 2937 395 2999 numquam
413 2938 510 2981 auare
527 2916 664 3003 pretium
681 2914 777 2981 statui
798 2914 858 2981 arti
874 2935 964 2980 meae

100 3029 135 3083 50
151 3016 195 3082 Et
212 3039 286 3083 eum
303 3039 372 3084 esse
389 3031 557 3104 quaestum
574 3018 608 3084 in
625 3018 766 3084 animum
781 3016 894 3082 induxi
909 3039 1108 3096 maxumum,

152 3118 259 3198 Quam
276 3142 424 3187 maxume
443 3121 561 3188 seruire
578 3120 693 3186 uostris
711 3117 911 3204 commodist]

153 3218 254 3286 Sinite
270 3223 440 3308 impetrare
458 3224 519 3300 md,
536 3222 641 3306 quiin
658 3221 801 3287 tutelltm
819 3244 922 3286 meam

152 3321 301 3388 Studium
319 3346 410 3390 suom
428 3335 461 3390 et
476 3347 511 3390 se
527 3325 562 3389 in
578 3327 719 3390 udstram
736 3323 892 3390 commisit
909 3323 1015 3400 fidem,
1132 3344 1161 3386 4⁵

150 3424 200 3490 Ne
218 3448 291 3490 eum
310 3426 560 3491 circumuentum
578 3427 686 3511 inique
702 3426 802 3511 iniqui
818 3426 984 3490 inrideant.

99 3539 133 3593 55
150 3526 227 3592 Mea
245 3529 341 3592 carisa
358 3550 489 3593 causam
507 3529 640 3614 accipite
658 3541 690 3594 et
708 3530 781 3594 date
798 3527 968 3605 silentium,

149 3629 195 3694 Vt
212 3629 321 3694 lubeat
338 3630 475 3696 scribere
493 3629 562 3695 aliis
579 3630 719 3714 mihique
737 3640 772 3694 ut
789 3629 909 3695 discere

149 3731 256 3796 Nouds
275 3731 422 3817 expediat
439 3730 572 3822 pdsthac
589 3732 691 3817 pretio
709 3735 829 3816 emptis
846 3753 928 3797 meo.

530 3946 741 3958 ——n—-n-
