<?xml version="1.0" encoding="UTF-8"?>
<!DOCTYPE html PUBLIC "-//W3C//DTD XHTML 1.0 Transitional//EN"
    "http://www.w3.org/TR/xhtml1/DTD/xhtml1-transitional.dtd">
<html xmlns="http://www.w3.org/1999/xhtml" xml:lang="en" lang="en">
 <head>
  <title>
</title>
<meta http-equiv="Content-Type" content="text/html;charset=utf-8" />
  <meta name='ocr-system' content='tesseract 3.04.00' />
  <meta name='ocr-capabilities' content='ocr_page ocr_carea ocr_par ocr_line ocrx_word'/>
</head>
<body>
  <div class='ocr_page' id='page_1' title='image "./comoediae00lindgoog_0229.png"; bbox 0 0 2602 4432; ppageno 0'>
   <div class='ocr_carea' id='block_1_1' title="bbox 174 215 1198 310">
    <p class='ocr_par' dir='ltr' id='par_1_1' title="bbox 174 215 1198 310">
     <span class='ocr_line' id='line_1_1' title="bbox 174 215 1198 310; baseline 0.01 -27"><span class='ocrx_word' id='word_1_1' title='bbox 174 215 237 284; x_wconf 84' lang='lat'><strong>184</strong></span> <span class='ocrx_word' id='word_1_2' title='bbox 569 233 746 292; x_wconf 77' lang='lat' dir='ltr'><strong>rnoamo</strong></span> <span class='ocrx_word' id='word_1_3' title='bbox 1125 237 1198 310; x_wconf 69' lang='lat' dir='ltr'><strong>aa</strong></span> 
     </span>
    </p>
   </div>
   <div class='ocr_carea' id='block_1_2' title="bbox 73 355 1220 3722">
    <p class='ocr_par' dir='ltr' id='par_1_2' title="bbox 73 355 1220 3722">
     <span class='ocr_line' id='line_1_2' title="bbox 103 355 1141 443; baseline 0.002 -20"><span class='ocrx_word' id='word_1_4' title='bbox 103 355 234 424; x_wconf 78' lang='lat'>800011.</span> <span class='ocrx_word' id='word_1_5' title='bbox 258 358 343 440; x_wconf 79' lang='lat' dir='ltr'><strong>Quia</strong></span> <span class='ocrx_word' id='word_1_6' title='bbox 368 358 501 442; x_wconf 77' lang='lat' dir='ltr'><strong>uterque</strong></span> <span class='ocrx_word' id='word_1_7' title='bbox 526 358 682 443; x_wconf 83' lang='lat' dir='ltr'>utriquest</span> <span class='ocrx_word' id='word_1_8' title='bbox 711 358 807 424; x_wconf 75' lang='lat' dir='ltr'><strong>cordi.</strong></span> <span class='ocrx_word' id='word_1_9' title='bbox 850 359 913 423; x_wconf 82' lang='lat' dir='ltr'><strong>Du.</strong></span> <span class='ocrx_word' id='word_1_10' title='bbox 946 359 1034 440; x_wconf 76' lang='lat' dir='ltr'><strong>Quid</strong></span> <span class='ocrx_word' id='word_1_11' title='bbox 1059 360 1141 426; x_wconf 85' lang='lat' dir='ltr'><strong>istuc</strong></span> 
     </span>
     <span class='ocr_line' id='line_1_3' title="bbox 593 450 1141 540; baseline 0.004 -23"><span class='ocrx_word' id='word_1_12' title='bbox 593 452 717 517; x_wconf 75' lang='lat' dir='ltr'><strong>nistra?</strong></span> <span class='ocrx_word' id='word_1_13' title='bbox 737 450 797 520; x_wconf 75' lang='lat' dir='ltr'><strong>Cu</strong></span> <span class='ocrx_word' id='word_1_14' title='bbox 808 452 933 538; x_wconf 81' lang='lat' dir='ltr'><strong>Magni.</strong></span> <span class='ocrx_word' id='word_1_15' title='bbox 955 455 1141 540; x_wconf 74' lang='lat' dir='ltr'><strong>praeterhac</strong></span> 
     </span>
     <span class='ocr_line' id='line_1_4' title="bbox 259 544 1140 632; baseline 0.002 -20"><span class='ocrx_word' id='word_1_16' title='bbox 259 544 439 632; x_wconf 70' lang='lat' dir='ltr'><strong>Cognitum</strong></span> <span class='ocrx_word' id='word_1_17' title='bbox 452 545 591 631; x_wconf 86' lang='lat' dir='ltr'><strong>comperi</strong></span> <span class='ocrx_word' id='word_1_18' title='bbox 604 547 672 611; x_wconf 78' lang='lat' dir='ltr'><strong>esse</strong></span> <span class='ocrx_word' id='word_1_19' title='bbox 684 546 785 611; x_wconf 89' lang='lat' dir='ltr'><strong>nobis.</strong></span> <span class='ocrx_word' id='word_1_20' title='bbox 813 547 875 612; x_wconf 80' lang='lat' dir='ltr'><strong>De.</strong></span> <span class='ocrx_word' id='word_1_21' title='bbox 891 547 997 630; x_wconf 78' lang='lat' dir='ltr'><strong>Quid?</strong></span> <span class='ocrx_word' id='word_1_22' title='bbox 1016 548 1140 614; x_wconf 77' lang='lat' dir='ltr'><strong>delirae.</strong></span> 
     </span>
     <span class='ocr_line' id='line_1_5' title="bbox 597 636 815 705; baseline 0 -1"><span class='ocrx_word' id='word_1_23' title='bbox 597 636 656 704; x_wconf 84' lang='lat' dir='ltr'><strong>Cu.</strong></span> <span class='ocrx_word' id='word_1_24' title='bbox 675 637 730 705; x_wconf 85' lang='lat' dir='ltr'><strong>Sic</strong></span> <span class='ocrx_word' id='word_1_25' title='bbox 748 641 815 705; x_wconf 89' lang='lat' dir='ltr'><strong>erit.</strong></span> 
     </span>
     <span class='ocr_line' id='line_1_6' title="bbox 255 730 1138 801; baseline 0.002 -3"><span class='ocrx_word' id='word_1_26' title='bbox 255 730 329 798; x_wconf 89' lang='lat' dir='ltr'><strong>Non</strong></span> <span class='ocrx_word' id='word_1_27' title='bbox 355 733 473 798; x_wconf 78' lang='lat' dir='ltr'><strong>temere</strong></span> <span class='ocrx_word' id='word_1_28' title='bbox 499 732 584 798; x_wconf 84' lang='lat' dir='ltr'><strong>dico:</strong></span> <span class='ocrx_word' id='word_1_29' title='bbox 615 733 695 796; x_wconf 84' lang='lat' dir='ltr'><strong>re&#39;dii</strong></span> <span class='ocrx_word' id='word_1_30' title='bbox 724 756 849 799; x_wconf 88' lang='lat' dir='ltr'><strong>mecum</strong></span> <span class='ocrx_word' id='word_1_31' title='bbox 879 734 912 798; x_wconf 91' lang='lat' dir='ltr'><strong>in</strong></span> <span class='ocrx_word' id='word_1_32' title='bbox 942 735 1138 801; x_wconf 74' lang='lat' dir='ltr'><strong>memoriam.</strong></span> 
     </span>
     <span class='ocr_line' id='line_1_7' title="bbox 595 824 952 896; baseline 0.011 -6"><span class='ocrx_word' id='word_1_33' title='bbox 595 825 657 893; x_wconf 79' lang='lat' dir='ltr'><strong>Du.</strong></span> <span class='ocrx_word' id='word_1_34' title='bbox 678 824 770 892; x_wconf 83' lang='lat' dir='ltr'>Satin</span> <span class='ocrx_word' id='word_1_35' title='bbox 786 829 882 894; x_wconf 72' lang='lat' dir='ltr'><strong>sanus</strong></span> <span class='ocrx_word' id='word_1_36' title='bbox 899 829 952 896; x_wconf 84' lang='lat' dir='ltr'><strong>es?</strong></span> 
     </span>
     <span class='ocr_line' id='line_1_8' title="bbox 170 919 1182 1007; baseline -0.004 -21"><span class='ocrx_word' id='word_1_37' title='bbox 170 921 232 986; x_wconf 78' lang='lat' dir='ltr'><strong>Ns.</strong></span> <span class='ocrx_word' id='word_1_38' title='bbox 255 920 321 999; x_wconf 89' lang='lat' dir='ltr'><strong>Au,</strong></span> <span class='ocrx_word' id='word_1_39' title='bbox 335 920 476 996; x_wconf 77' lang='lat' dir='ltr'><strong>obsecro,</strong></span> <span class='ocrx_word' id='word_1_40' title='bbox 490 919 614 986; x_wconf 90' lang='lat' dir='ltr'><strong>uidene</strong></span> <span class='ocrx_word' id='word_1_41' title='bbox 626 921 660 984; x_wconf 91' lang='lat' dir='ltr'><strong>ln</strong></span> <span class='ocrx_word' id='word_1_42' title='bbox 673 932 840 1007; x_wconf 82' lang='lat' dir='ltr'><strong>cognatam</strong></span> <span class='ocrx_word' id='word_1_43' title='bbox 849 924 971 1007; x_wconf 76' lang='lat' dir='ltr'><strong>pecces.</strong></span> <span class='ocrx_word' id='word_1_44' title='bbox 990 923 1053 987; x_wconf 81' lang='lat' dir='ltr'><strong>Du.</strong></span> <span class='ocrx_word' id='word_1_45' title='bbox 1064 922 1137 988; x_wconf 90' lang='lat' dir='ltr'><strong>Non</strong></span> <span class='ocrx_word' id='word_1_46' title='bbox 1153 940 1182 982; x_wconf 82' lang='lat' dir='ltr'><strong>ao</strong></span> 
     </span>
     <span class='ocr_line' id='line_1_9' title="bbox 594 1011 929 1102; baseline 0.003 -23"><span class='ocrx_word' id='word_1_47' title='bbox 594 1025 651 1080; x_wconf 89' lang='lat' dir='ltr'><strong>est.</strong></span> <span class='ocrx_word' id='word_1_48' title='bbox 688 1011 747 1080; x_wconf 79' lang='lat' dir='ltr'><strong>Cn</strong></span> <span class='ocrx_word' id='word_1_49' title='bbox 764 1013 815 1081; x_wconf 69' lang='lat' dir='ltr'><strong>Ne</strong></span> <span class='ocrx_word' id='word_1_50' title='bbox 832 1038 929 1102; x_wconf 86' lang='lat' dir='ltr'><strong>nega:</strong></span> 
     </span>
     <span class='ocr_line' id='line_1_10' title="bbox 255 1108 1137 1178; baseline 0 -4"><span class='ocrx_word' id='word_1_51' title='bbox 255 1108 360 1174; x_wconf 87' lang='lat' dir='ltr'><strong>Patris</strong></span> <span class='ocrx_word' id='word_1_52' title='bbox 377 1109 491 1174; x_wconf 78' lang='lat' dir='ltr'><strong>nomen</strong></span> <span class='ocrx_word' id='word_1_53' title='bbox 510 1109 597 1174; x_wconf 90' lang='lat' dir='ltr'><strong>aliud</strong></span> <span class='ocrx_word' id='word_1_54' title='bbox 614 1109 776 1174; x_wconf 76' lang='lat' dir='ltr'>dictumst:</span> <span class='ocrx_word' id='word_1_55' title='bbox 796 1109 855 1175; x_wconf 89' lang='lat' dir='ltr'><strong>hoo</strong></span> <span class='ocrx_word' id='word_1_56' title='bbox 872 1122 908 1175; x_wconf 90' lang='lat' dir='ltr'><strong>tu</strong></span> <span class='ocrx_word' id='word_1_57' title='bbox 926 1109 1045 1178; x_wconf 79' lang='lat' dir='ltr'><strong>emisti.</strong></span> <span class='ocrx_word' id='word_1_58' title='bbox 1073 1109 1137 1174; x_wconf 82' lang='lat' dir='ltr'><strong>Du.</strong></span> 
     </span>
     <span class='ocr_line' id='line_1_11' title="bbox 467 1202 932 1289; baseline 0.002 -22"><span class='ocrx_word' id='word_1_59' title='bbox 467 1249 469 1254; x_wconf 29' lang='grc' dir='ltr'><strong><em>ι</em></strong></span> <span class='ocrx_word' id='word_1_60' title='bbox 550 1276 555 1285; x_wconf 37' lang='grc'><em>,</em></span> <span class='ocrx_word' id='word_1_61' title='bbox 592 1202 667 1268; x_wconf 89' lang='lat' dir='ltr'><strong>Non</strong></span> <span class='ocrx_word' id='word_1_62' title='bbox 684 1206 776 1268; x_wconf 77' lang='lat' dir='ltr'><strong>norat</strong></span> <span class='ocrx_word' id='word_1_63' title='bbox 791 1205 932 1289; x_wconf 82' lang='lat' dir='ltr'><strong>patrem?</strong></span> 
     </span>
     <span class='ocr_line' id='line_1_12' title="bbox 101 1295 1139 1382; baseline 0.006 -24"><span class='ocrx_word' id='word_1_64' title='bbox 101 1304 153 1359; x_wconf 85' lang='lat'><strong>805</strong></span> <span class='ocrx_word' id='word_1_65' title='bbox 170 1296 230 1366; x_wconf 83' lang='lat' dir='ltr'><strong>Cu.</strong></span> <span class='ocrx_word' id='word_1_66' title='bbox 252 1297 362 1364; x_wconf 74' lang='lat' dir='ltr'><strong>Norit.</strong></span> <span class='ocrx_word' id='word_1_67' title='bbox 398 1296 461 1361; x_wconf 81' lang='lat' dir='ltr'><strong>Da.</strong></span> <span class='ocrx_word' id='word_1_68' title='bbox 486 1295 577 1377; x_wconf 79' lang='lat' dir='ltr'><strong>Quor</strong></span> <span class='ocrx_word' id='word_1_69' title='bbox 593 1296 681 1362; x_wconf 85' lang='lat' dir='ltr'><strong>aliud</strong></span> <span class='ocrx_word' id='word_1_70' title='bbox 698 1297 794 1362; x_wconf 85' lang='lat' dir='ltr'><strong>dixit?</strong></span> <span class='ocrx_word' id='word_1_71' title='bbox 832 1295 891 1363; x_wconf 85' lang='lat' dir='ltr'><strong>Cn.</strong></span> <span class='ocrx_word' id='word_1_72' title='bbox 913 1297 1139 1382; x_wconf 84' lang='lat' dir='ltr'><strong>Numquamne</strong></span> 
     </span>
     <span class='ocr_line' id='line_1_13' title="bbox 215 1389 952 1480; baseline 0.003 -26"><span class='ocrx_word' id='word_1_73' title='bbox 215 1476 218 1480; x_wconf 9' lang='lat' dir='ltr'><strong>p</strong></span> <span class='ocrx_word' id='word_1_74' title='bbox 592 1389 685 1456; x_wconf 80' lang='lat' dir='ltr'><strong>hodie</strong></span> <span class='ocrx_word' id='word_1_75' title='bbox 702 1390 857 1456; x_wconf 75' lang='lat' dir='ltr'><strong>concedes</strong></span> <span class='ocrx_word' id='word_1_76' title='bbox 874 1392 952 1456; x_wconf 88' lang='lat' dir='ltr'><strong>mihi</strong></span> 
     </span>
     <span class='ocr_line' id='line_1_14' title="bbox 253 1482 1137 1569; baseline -0.001 -18"><span class='ocrx_word' id='word_1_77' title='bbox 253 1485 367 1569; x_wconf 84' lang='lat' dir='ltr'>Neque</span> <span class='ocrx_word' id='word_1_78' title='bbox 392 1484 576 1568; x_wconf 75' lang='lat' dir='ltr'><strong>intelleges?</strong></span> <span class='ocrx_word' id='word_1_79' title='bbox 618 1482 682 1549; x_wconf 80' lang='lat' dir='ltr'><strong>Du.</strong></span> <span class='ocrx_word' id='word_1_80' title='bbox 711 1483 747 1551; x_wconf 88' lang='lat' dir='ltr'><strong>Si</strong></span> <span class='ocrx_word' id='word_1_81' title='bbox 773 1486 808 1550; x_wconf 78' lang='lat' dir='ltr'><strong>tri</strong></span> <span class='ocrx_word' id='word_1_82' title='bbox 833 1486 878 1551; x_wconf 92' lang='lat' dir='ltr'><strong>nil</strong></span> <span class='ocrx_word' id='word_1_83' title='bbox 904 1487 1031 1550; x_wconf 85' lang='lat' dir='ltr'><strong>narras?</strong></span> <span class='ocrx_word' id='word_1_84' title='bbox 1075 1483 1137 1550; x_wconf 81' lang='lat' dir='ltr'><strong>Cn.</strong></span> 
     </span>
     <span class='ocr_line' id='line_1_15' title="bbox 397 1570 1116 1663; baseline -0.001 -20"><span class='ocrx_word' id='word_1_85' title='bbox 397 1570 401 1578; x_wconf 67' lang='grc'>’</span> <span class='ocrx_word' id='word_1_86' title='bbox 591 1578 715 1644; x_wconf 79' lang='lat' dir='ltr'><strong>Perdis.</strong></span> <span class='ocrx_word' id='word_1_87' title='bbox 750 1579 814 1645; x_wconf 76' lang='lat' dir='ltr'><strong>Nn.</strong></span> <span class='ocrx_word' id='word_1_88' title='bbox 832 1579 935 1644; x_wconf 90' lang='lat' dir='ltr'><strong>Miror</strong></span> <span class='ocrx_word' id='word_1_89' title='bbox 951 1578 1028 1663; x_wconf 88' lang='lat' dir='ltr'><strong>quid</strong></span> <span class='ocrx_word' id='word_1_90' title='bbox 1046 1577 1116 1643; x_wconf 89' lang='lat' dir='ltr'><strong>siet.</strong></span> 
     </span>
     <span class='ocr_line' id='line_1_16' title="bbox 168 1670 1138 1757; baseline 0.002 -20"><span class='ocrx_word' id='word_1_91' title='bbox 168 1674 230 1739; x_wconf 80' lang='lat' dir='ltr'><strong>Da.</strong></span> <span class='ocrx_word' id='word_1_92' title='bbox 254 1672 415 1757; x_wconf 86' lang='lat' dir='ltr'>Equidem</span> <span class='ocrx_word' id='word_1_93' title='bbox 432 1671 537 1737; x_wconf 74' lang='lat' dir='ltr'><strong>hercle</strong></span> <span class='ocrx_word' id='word_1_94' title='bbox 554 1672 669 1738; x_wconf 77' lang='lat' dir='ltr'><strong>nescio.</strong></span> <span class='ocrx_word' id='word_1_95' title='bbox 703 1670 762 1738; x_wconf 85' lang='lat' dir='ltr'><strong>Cn.</strong></span> <span class='ocrx_word' id='word_1_96' title='bbox 777 1673 841 1740; x_wconf 91' lang='lat' dir='ltr'><strong>Vin</strong></span> <span class='ocrx_word' id='word_1_97' title='bbox 860 1674 958 1738; x_wconf 87' lang='lat' dir='ltr'><strong>scire?</strong></span> <span class='ocrx_word' id='word_1_98' title='bbox 979 1675 1068 1738; x_wconf 86' lang='lat' dir='ltr'><strong>atita</strong></span> <span class='ocrx_word' id='word_1_99' title='bbox 1085 1694 1138 1739; x_wconf 87' lang='lat' dir='ltr'><strong>me</strong></span> 
     </span>
     <span class='ocr_line' id='line_1_17' title="bbox 594 1766 867 1853; baseline 0 -23"><span class='ocrx_word' id='word_1_100' title='bbox 594 1777 700 1831; x_wconf 87' lang='lat' dir='ltr'><strong>seruet</strong></span> <span class='ocrx_word' id='word_1_101' title='bbox 715 1766 867 1853; x_wconf 80' lang='lat' dir='ltr'><strong>Iuppiter,</strong></span> 
     </span>
     <span class='ocr_line' id='line_1_18' title="bbox 253 1858 1201 1947; baseline -0.004 -19"><span class='ocrx_word' id='word_1_102' title='bbox 253 1862 300 1928; x_wconf 91' lang='lat' dir='ltr'><strong>Vt</strong></span> <span class='ocrx_word' id='word_1_103' title='bbox 316 1860 442 1946; x_wconf 77' lang='lat' dir='ltr'><strong>propior</strong></span> <span class='ocrx_word' id='word_1_104' title='bbox 458 1859 514 1937; x_wconf 90' lang='lat' dir='ltr'><strong>illi,</strong></span> <span class='ocrx_word' id='word_1_105' title='bbox 533 1862 629 1943; x_wconf 75' lang='lat' dir='ltr'><strong>quim</strong></span> <span class='ocrx_word' id='word_1_106' title='bbox 646 1883 707 1946; x_wconf 87' lang='lat' dir='ltr'><strong>ego</strong></span> <span class='ocrx_word' id='word_1_107' title='bbox 725 1883 796 1926; x_wconf 91' lang='lat' dir='ltr'><strong>sum</strong></span> <span class='ocrx_word' id='word_1_108' title='bbox 813 1883 850 1926; x_wconf 88' lang='lat' dir='ltr'><strong>ac</strong></span> <span class='ocrx_word' id='word_1_109' title='bbox 868 1873 918 1940; x_wconf 91' lang='lat' dir='ltr'><strong>tu,</strong></span> <span class='ocrx_word' id='word_1_110' title='bbox 938 1858 1061 1947; x_wconf 86' lang='lat' dir='ltr'><strong>[homo]</strong></span> <span class='ocrx_word' id='word_1_111' title='bbox 1080 1860 1137 1924; x_wconf 74' lang='lat' dir='ltr'><strong>ne·</strong></span> <span class='ocrx_word' id='word_1_112' title='bbox 1151 1876 1201 1920; x_wconf 60' lang='lat'><strong>²⁵³</strong></span> 
     </span>
     <span class='ocr_line' id='line_1_19' title="bbox 557 1953 1137 2042; baseline 0.002 -25"><span class='ocrx_word' id='word_1_113' title='bbox 557 1959 559 1962; x_wconf 79' lang='grc'><strong>’</strong></span> <span class='ocrx_word' id='word_1_114' title='bbox 591 1965 682 2020; x_wconf 91' lang='lat' dir='ltr'><strong>most.</strong></span> <span class='ocrx_word' id='word_1_115' title='bbox 708 1953 782 2042; x_wconf 79' lang='lat' dir='ltr'><strong>Du.</strong></span> <span class='ocrx_word' id='word_1_116' title='bbox 800 1954 846 2020; x_wconf 92' lang='lat' dir='ltr'><strong>Di</strong></span> <span class='ocrx_word' id='word_1_117' title='bbox 866 1958 1007 2021; x_wconf 72' lang='lat' dir='ltr'><strong>uostrim</strong></span> <span class='ocrx_word' id='word_1_118' title='bbox 1028 1953 1137 2031; x_wconf 87' lang='lat' dir='ltr'><strong>fidem,</strong></span> 
     </span>
     <span class='ocr_line' id='line_1_20' title="bbox 252 2048 1138 2134; baseline -0.001 -21"><span class='ocrx_word' id='word_1_119' title='bbox 252 2048 375 2114; x_wconf 71' lang='lat' dir='ltr'><strong>Eamus</strong></span> <span class='ocrx_word' id='word_1_120' title='bbox 400 2048 442 2113; x_wconf 85' lang='lat' dir='ltr'><strong>ad</strong></span> <span class='ocrx_word' id='word_1_121' title='bbox 466 2049 581 2134; x_wconf 81' lang='lat' dir='ltr'><strong>ipsam:</strong></span> <span class='ocrx_word' id='word_1_122' title='bbox 608 2070 673 2112; x_wconf 92' lang='lat' dir='ltr'><strong>una</strong></span> <span class='ocrx_word' id='word_1_123' title='bbox 695 2049 796 2113; x_wconf 79' lang='lat' dir='ltr'><strong>omnis</strong></span> <span class='ocrx_word' id='word_1_124' title='bbox 818 2071 875 2114; x_wconf 90' lang='lat' dir='ltr'><strong>nos</strong></span> <span class='ocrx_word' id='word_1_125' title='bbox 897 2062 952 2113; x_wconf 91' lang='lat' dir='ltr'><strong>aut</strong></span> <span class='ocrx_word' id='word_1_126' title='bbox 975 2051 1054 2113; x_wconf 87' lang='lat' dir='ltr'><strong>seire</strong></span> <span class='ocrx_word' id='word_1_127' title='bbox 1081 2058 1138 2112; x_wconf 89' lang='lat' dir='ltr'><strong>aut</strong></span> 
     </span>
     <span class='ocr_line' id='line_1_21' title="bbox 591 2141 1077 2209; baseline 0 -3"><span class='ocrx_word' id='word_1_128' title='bbox 591 2142 712 2208; x_wconf 87' lang='lat' dir='ltr'><strong>nescire</strong></span> <span class='ocrx_word' id='word_1_129' title='bbox 730 2143 789 2208; x_wconf 80' lang='lat' dir='ltr'><strong>hoo</strong></span> <span class='ocrx_word' id='word_1_130' title='bbox 805 2144 889 2208; x_wconf 91' lang='lat' dir='ltr'><strong>uolo.</strong></span> <span class='ocrx_word' id='word_1_131' title='bbox 934 2141 994 2209; x_wconf 83' lang='lat' dir='ltr'><strong>Cn.</strong></span> <span class='ocrx_word' id='word_1_132' title='bbox 1014 2142 1077 2207; x_wconf 85' lang='lat' dir='ltr'><strong>Ah.</strong></span> 
     </span>
     <span class='ocr_line' id='line_1_22' title="bbox 99 2234 1137 2323; baseline 0.002 -25"><span class='ocrx_word' id='word_1_133' title='bbox 99 2243 151 2298; x_wconf 90' lang='lat'><strong>810</strong></span> <span class='ocrx_word' id='word_1_134' title='bbox 167 2237 231 2304; x_wconf 81' lang='lat' dir='ltr'><strong>Dn.</strong></span> <span class='ocrx_word' id='word_1_135' title='bbox 255 2237 342 2318; x_wconf 76' lang='lat' dir='ltr'><strong>Quid</strong></span> <span class='ocrx_word' id='word_1_136' title='bbox 360 2238 425 2302; x_wconf 75' lang='lat' dir='ltr'><strong>est?</strong></span> <span class='ocrx_word' id='word_1_137' title='bbox 453 2234 512 2301; x_wconf 84' lang='lat' dir='ltr'><strong>Cn.</strong></span> <span class='ocrx_word' id='word_1_138' title='bbox 522 2235 593 2300; x_wconf 89' lang='lat' dir='ltr'><strong>Itan</strong></span> <span class='ocrx_word' id='word_1_139' title='bbox 611 2260 742 2322; x_wconf 87' lang='lat' dir='ltr'><strong>paruam</strong></span> <span class='ocrx_word' id='word_1_140' title='bbox 760 2238 837 2302; x_wconf 88' lang='lat' dir='ltr'><strong>mihi</strong></span> <span class='ocrx_word' id='word_1_141' title='bbox 851 2237 946 2304; x_wconf 87' lang='lat' dir='ltr'><strong>fidem</strong></span> <span class='ocrx_word' id='word_1_142' title='bbox 963 2260 1032 2302; x_wconf 92' lang='lat' dir='ltr'><strong>esse</strong></span> <span class='ocrx_word' id='word_1_143' title='bbox 1050 2236 1137 2323; x_wconf 77' lang='lat' dir='ltr'><strong>aprid</strong></span> 
     </span>
     <span class='ocr_line' id='line_1_23' title="bbox 592 2329 1054 2398; baseline 0.002 -3"><span class='ocrx_word' id='word_1_144' title='bbox 592 2329 638 2397; x_wconf 88' lang='lat' dir='ltr'><strong>tel</strong></span> <span class='ocrx_word' id='word_1_145' title='bbox 673 2330 737 2396; x_wconf 86' lang='lat' dir='ltr'><strong>Dn.</strong></span> <span class='ocrx_word' id='word_1_146' title='bbox 755 2332 821 2398; x_wconf 92' lang='lat' dir='ltr'><strong>Vin</strong></span> <span class='ocrx_word' id='word_1_147' title='bbox 838 2356 890 2398; x_wconf 88' lang='lat' dir='ltr'><strong>me</strong></span> <span class='ocrx_word' id='word_1_148' title='bbox 908 2332 1054 2398; x_wconf 85' lang='lat' dir='ltr'><strong>cre&#39;dere?</strong></span> 
     </span>
     <span class='ocr_line' id='line_1_24' title="bbox 252 2423 1136 2511; baseline -0.003 -19"><span class='ocrx_word' id='word_1_149' title='bbox 252 2426 317 2493; x_wconf 91' lang='lat' dir='ltr'><strong>Vin</strong></span> <span class='ocrx_word' id='word_1_150' title='bbox 326 2425 401 2490; x_wconf 78' lang='lat' dir='ltr'><strong>saitis</strong></span> <span class='ocrx_word' id='word_1_151' title='bbox 412 2423 643 2508; x_wconf 89' lang='lat' dir='ltr'><strong>quaesitummi</strong></span> <span class='ocrx_word' id='word_1_152' title='bbox 660 2426 742 2489; x_wconf 86' lang='lat' dir='ltr'><strong>istuc</strong></span> <span class='ocrx_word' id='word_1_153' title='bbox 752 2427 839 2491; x_wconf 85' lang='lat' dir='ltr'><strong>esse?</strong></span> <span class='ocrx_word' id='word_1_154' title='bbox 857 2448 928 2511; x_wconf 84' lang='lat' dir='ltr'><strong>age,</strong></span> <span class='ocrx_word' id='word_1_155' title='bbox 946 2426 1013 2491; x_wconf 87' lang='lat' dir='ltr'><strong>fiat.</strong></span> <span class='ocrx_word' id='word_1_156' title='bbox 1040 2424 1136 2509; x_wconf 88' lang='lat' dir='ltr'><strong>quid?</strong></span> 
     </span>
     <span class='ocr_line' id='line_1_25' title="bbox 568 2516 730 2583; baseline 0.006 -2"><span class='ocrx_word' id='word_1_157' title='bbox 568 2516 646 2583; x_wconf 70' lang='lat' dir='ltr'><strong>‘illa</strong></span> <span class='ocrx_word' id='word_1_158' title='bbox 663 2518 730 2582; x_wconf 85' lang='lat' dir='ltr'><strong>filia</strong></span> 
     </span>
     <span class='ocr_line' id='line_1_26' title="bbox 252 2611 1135 2695; baseline 0.001 -17"><span class='ocrx_word' id='word_1_159' title='bbox 252 2613 359 2678; x_wconf 80' lang='lat' dir='ltr'><strong>Amici</strong></span> <span class='ocrx_word' id='word_1_160' title='bbox 385 2611 483 2677; x_wconf 87' lang='lat' dir='ltr'><strong>nostri</strong></span> <span class='ocrx_word' id='word_1_161' title='bbox 510 2611 586 2695; x_wconf 88' lang='lat' dir='ltr'><strong>quid</strong></span> <span class='ocrx_word' id='word_1_162' title='bbox 613 2611 804 2677; x_wconf 81' lang='lat' dir='ltr'><strong>futurumst?</strong></span> <span class='ocrx_word' id='word_1_163' title='bbox 844 2611 903 2678; x_wconf 81' lang='lat' dir='ltr'><strong>On.</strong></span> <span class='ocrx_word' id='word_1_164' title='bbox 926 2614 1035 2679; x_wconf 72' lang='lat' dir='ltr'><strong>Recte.</strong></span> <span class='ocrx_word' id='word_1_165' title='bbox 1070 2611 1135 2679; x_wconf 81' lang='lat' dir='ltr'><strong>Da.</strong></span> 
     </span>
     <span class='ocr_line' id='line_1_27' title="bbox 592 2706 996 2792; baseline -0.005 -22"><span class='ocrx_word' id='word_1_166' title='bbox 592 2707 687 2771; x_wconf 87' lang='lat' dir='ltr'><strong>Hanc</strong></span> <span class='ocrx_word' id='word_1_167' title='bbox 703 2706 800 2792; x_wconf 85' lang='lat' dir='ltr'><strong>igitur</strong></span> <span class='ocrx_word' id='word_1_168' title='bbox 817 2706 996 2773; x_wconf 63' lang='lat' dir='ltr'><strong>mittimus?</strong></span> 
     </span>
     <span class='ocr_line' id='line_1_28' title="bbox 168 2779 1178 2882; baseline -0.004 -15"><span class='ocrx_word' id='word_1_169' title='bbox 168 2801 228 2868; x_wconf 85' lang='lat' dir='ltr'><strong>Cn.</strong></span> <span class='ocrx_word' id='word_1_170' title='bbox 252 2801 340 2882; x_wconf 76' lang='lat' dir='ltr'><strong>Quid</strong></span> <span class='ocrx_word' id='word_1_171' title='bbox 365 2801 416 2865; x_wconf 83' lang='lat' dir='ltr'><strong>ni?</strong></span> <span class='ocrx_word' id='word_1_172' title='bbox 450 2799 513 2865; x_wconf 80' lang='lat' dir='ltr'><strong>Du.</strong></span> <span class='ocrx_word' id='word_1_173' title='bbox 540 2779 602 2864; x_wconf 91' lang='lat' dir='ltr'><strong>llla</strong></span> <span class='ocrx_word' id='word_1_174' title='bbox 627 2802 771 2866; x_wconf 83' lang='lat' dir='ltr'><strong>maneat?</strong></span> <span class='ocrx_word' id='word_1_175' title='bbox 807 2798 866 2866; x_wconf 82' lang='lat' dir='ltr'><strong>Cn.</strong></span> <span class='ocrx_word' id='word_1_176' title='bbox 895 2799 959 2866; x_wconf 89' lang='lat' dir='ltr'><strong>Sic.</strong></span> <span class='ocrx_word' id='word_1_177' title='bbox 994 2801 1058 2865; x_wconf 79' lang='lat' dir='ltr'><strong>Da.</strong></span> <span class='ocrx_word' id='word_1_178' title='bbox 1082 2803 1135 2868; x_wconf 88' lang='lat' dir='ltr'><strong>Ire</strong></span> <span class='ocrx_word' id='word_1_179' title='bbox 1149 2822 1178 2863; x_wconf 84' lang='lat' dir='ltr'><strong>so</strong></span> 
     </span>
     <span class='ocr_line' id='line_1_29' title="bbox 591 2894 1087 2980; baseline 0.004 -23"><span class='ocrx_word' id='word_1_180' title='bbox 591 2894 689 2980; x_wconf 85' lang='lat' dir='ltr'><strong>igitur</strong></span> <span class='ocrx_word' id='word_1_181' title='bbox 705 2895 762 2959; x_wconf 91' lang='lat' dir='ltr'><strong>tibi</strong></span> <span class='ocrx_word' id='word_1_182' title='bbox 779 2894 861 2972; x_wconf 90' lang='lat' dir='ltr'><strong>licet,</strong></span> <span class='ocrx_word' id='word_1_183' title='bbox 880 2894 1087 2959; x_wconf 85' lang='lat' dir='ltr'><strong>Nausistrata.</strong></span> 
     </span>
     <span class='ocr_line' id='line_1_30' title="bbox 167 2988 1135 3075; baseline -0.002 -19"><span class='ocrx_word' id='word_1_184' title='bbox 167 2991 229 3056; x_wconf 78' lang='lat' dir='ltr'><strong>NA.</strong></span> <span class='ocrx_word' id='word_1_185' title='bbox 253 2988 308 3056; x_wconf 88' lang='lat' dir='ltr'><strong>Sic</strong></span> <span class='ocrx_word' id='word_1_186' title='bbox 325 2990 379 3075; x_wconf 78' lang='lat' dir='ltr'><strong>pol</strong></span> <span class='ocrx_word' id='word_1_187' title='bbox 397 2989 591 3053; x_wconf 82' lang='lat' dir='ltr'><strong>commodius</strong></span> <span class='ocrx_word' id='word_1_188' title='bbox 609 2990 678 3070; x_wconf 78' lang='lat' dir='ltr'><strong>esse</strong></span> <span class='ocrx_word' id='word_1_189' title='bbox 698 2988 732 3052; x_wconf 91' lang='lat' dir='ltr'><strong>in</strong></span> <span class='ocrx_word' id='word_1_190' title='bbox 750 2989 851 3053; x_wconf 93' lang='lat' dir='ltr'><strong>omnis</strong></span> <span class='ocrx_word' id='word_1_191' title='bbox 872 2989 1017 3065; x_wconf 73' lang='lat' dir='ltr'><strong>arbitror,</strong></span> <span class='ocrx_word' id='word_1_192' title='bbox 1038 3010 1135 3073; x_wconf 91' lang='lat' dir='ltr'><strong>quam</strong></span> 
     </span>
     <span class='ocr_line' id='line_1_31' title="bbox 592 3083 805 3168; baseline 0 -21"><span class='ocrx_word' id='word_1_193' title='bbox 592 3095 628 3147; x_wconf 91' lang='lat' dir='ltr'><strong>ut</strong></span> <span class='ocrx_word' id='word_1_194' title='bbox 644 3083 805 3168; x_wconf 77' lang='lat' dir='ltr'><strong>coeperas,</strong></span> 
     </span>
     <span class='ocr_line' id='line_1_32' title="bbox 99 3175 1180 3262; baseline 0.005 -25"><span class='ocrx_word' id='word_1_195' title='bbox 99 3182 151 3237; x_wconf 87' lang='lat'><strong>815</strong></span> <span class='ocrx_word' id='word_1_196' title='bbox 253 3177 387 3241; x_wconf 73' lang='lat' dir='ltr'><strong>Manere</strong></span> <span class='ocrx_word' id='word_1_197' title='bbox 406 3175 502 3254; x_wconf 89' lang='lat' dir='ltr'><strong>hano;</strong></span> <span class='ocrx_word' id='word_1_198' title='bbox 519 3200 594 3242; x_wconf 90' lang='lat' dir='ltr'><strong>nam</strong></span> <span class='ocrx_word' id='word_1_199' title='bbox 612 3177 805 3262; x_wconf 84' lang='lat' dir='ltr'><strong>perliberalis</strong></span> <span class='ocrx_word' id='word_1_200' title='bbox 818 3177 926 3254; x_wconf 87' lang='lat' dir='ltr'><strong>uisast,</strong></span> <span class='ocrx_word' id='word_1_201' title='bbox 944 3198 1041 3261; x_wconf 92' lang='lat' dir='ltr'><strong>quom</strong></span> <span class='ocrx_word' id='word_1_202' title='bbox 1057 3177 1135 3255; x_wconf 89' lang='lat' dir='ltr'><strong>uidi,</strong></span> <span class='ocrx_word' id='word_1_203' title='bbox 1177 3248 1180 3253; x_wconf 57' lang='grc'>,</span> 
     </span>
     <span class='ocr_line' id='line_1_33' title="bbox 591 3270 739 3334; baseline 0.014 -1"><span class='ocrx_word' id='word_1_204' title='bbox 591 3270 678 3334; x_wconf 88' lang='lat' dir='ltr'><strong>mihi.</strong></span> <span class='ocrx_word' id='word_1_205' title='bbox 695 3309 739 3320; x_wconf 92' lang='lat'><em>-</em></span> 
     </span>
     <span class='ocr_line' id='line_1_34' title="bbox 73 3363 1137 3450; baseline 0.002 -21"><span class='ocrx_word' id='word_1_206' title='bbox 73 3412 76 3417; x_wconf 82' lang='lat'>·</span> <span class='ocrx_word' id='word_1_207' title='bbox 168 3366 230 3430; x_wconf 78' lang='lat' dir='ltr'><strong>Da.</strong></span> <span class='ocrx_word' id='word_1_208' title='bbox 254 3364 342 3446; x_wconf 77' lang='lat' dir='ltr'><strong>Quid</strong></span> <span class='ocrx_word' id='word_1_209' title='bbox 362 3363 444 3428; x_wconf 77' lang='lat' dir='ltr'><strong>istrie</strong></span> <span class='ocrx_word' id='word_1_210' title='bbox 465 3364 619 3450; x_wconf 83' lang='lat' dir='ltr'><strong>negotist?</strong></span> <span class='ocrx_word' id='word_1_211' title='bbox 654 3363 712 3432; x_wconf 83' lang='lat' dir='ltr'><strong>On.</strong></span> <span class='ocrx_word' id='word_1_212' title='bbox 731 3363 841 3428; x_wconf 69' lang='lat' dir='ltr'><strong>Itmne</strong></span> <span class='ocrx_word' id='word_1_213' title='bbox 858 3364 983 3449; x_wconf 91' lang='lat' dir='ltr'><strong>operuit</strong></span> <span class='ocrx_word' id='word_1_214' title='bbox 1003 3365 1137 3431; x_wconf 77' lang='lat' dir='ltr'><strong>istium?</strong></span> 
     </span>
     <span class='ocr_line' id='line_1_35' title="bbox 591 3454 1071 3545; baseline 0.006 -23"><span class='ocrx_word' id='word_1_215' title='bbox 591 3455 655 3522; x_wconf 77' lang='lat' dir='ltr'><strong>Da.</strong></span> <span class='ocrx_word' id='word_1_216' title='bbox 673 3459 752 3524; x_wconf 90' lang='lat' dir='ltr'><strong>Iam.</strong></span> <span class='ocrx_word' id='word_1_217' title='bbox 789 3454 849 3523; x_wconf 86' lang='lat' dir='ltr'><strong>Cn.</strong></span> <span class='ocrx_word' id='word_1_218' title='bbox 868 3456 900 3523; x_wconf 95' lang='lat' dir='ltr'><em>O</em></span> <span class='ocrx_word' id='word_1_219' title='bbox 918 3458 1071 3545; x_wconf 78' lang='lat' dir='ltr'><strong>Iuppiter,</strong></span> 
     </span>
     <span class='ocr_line' id='line_1_36' title="bbox 252 3551 1137 3638; baseline 0.003 -22"><span class='ocrx_word' id='word_1_220' title='bbox 252 3552 376 3618; x_wconf 76' lang='lat' dir='ltr'><strong>Dinis</strong></span> <span class='ocrx_word' id='word_1_221' title='bbox 401 3551 587 3637; x_wconf 86' lang='lat' dir='ltr'><strong>respiciunt:</strong></span> <span class='ocrx_word' id='word_1_222' title='bbox 618 3553 748 3638; x_wconf 75' lang='lat' dir='ltr'><strong>gnatam</strong></span> <span class='ocrx_word' id='word_1_223' title='bbox 773 3551 880 3616; x_wconf 91' lang='lat' dir='ltr'><strong>inueni</strong></span> <span class='ocrx_word' id='word_1_224' title='bbox 904 3552 1037 3638; x_wconf 79' lang='lat' dir='ltr'><strong>nuptam</strong></span> <span class='ocrx_word' id='word_1_225' title='bbox 1063 3575 1137 3619; x_wconf 90' lang='lat' dir='ltr'><strong>oum</strong></span> 
     </span>
     <span class='ocr_line' id='line_1_37' title="bbox 591 3644 1220 3722; baseline 0.002 -12"><span class='ocrx_word' id='word_1_226' title='bbox 591 3656 646 3710; x_wconf 92' lang='lat' dir='ltr'><strong>tuo</strong></span> <span class='ocrx_word' id='word_1_227' title='bbox 664 3645 740 3709; x_wconf 89' lang='lat' dir='ltr'><strong>fflio.</strong></span> <span class='ocrx_word' id='word_1_228' title='bbox 775 3644 838 3709; x_wconf 78' lang='lat' dir='ltr'><strong>Da.</strong></span> <span class='ocrx_word' id='word_1_229' title='bbox 856 3646 952 3722; x_wconf 90' lang='lat' dir='ltr'><strong>Hem,</strong></span> <span class='ocrx_word' id='word_1_230' title='bbox 1217 3650 1220 3655; x_wconf 83' lang='grc'><strong>’</strong></span> 
     </span>
    </p>
   </div>
   <div class='ocr_carea' id='block_1_3' title="bbox 168 3735 1180 4092">
    <p class='ocr_par' dir='ltr' id='par_1_3' title="bbox 168 3735 1180 4092">
     <span class='ocr_line' id='line_1_38' title="bbox 255 3735 1180 3826; baseline 0.001 -23"><span class='ocrx_word' id='word_1_231' title='bbox 255 3739 328 3820; x_wconf 78' lang='lat' dir='ltr'><strong>Quo</strong></span> <span class='ocrx_word' id='word_1_232' title='bbox 350 3740 443 3824; x_wconf 62' lang='lat' dir='ltr'><strong>pacto</strong></span> <span class='ocrx_word' id='word_1_233' title='bbox 465 3735 527 3826; x_wconf 89' lang='lat' dir='ltr'><strong>[id]</strong></span> <span class='ocrx_word' id='word_1_234' title='bbox 551 3739 671 3824; x_wconf 84' lang='lat' dir='ltr'><strong>potuit?</strong></span> <span class='ocrx_word' id='word_1_235' title='bbox 707 3737 767 3804; x_wconf 86' lang='lat' dir='ltr'><strong>On.</strong></span> <span class='ocrx_word' id='word_1_236' title='bbox 789 3739 861 3803; x_wconf 77' lang='lat' dir='ltr'><strong>Non</strong></span> <span class='ocrx_word' id='word_1_237' title='bbox 883 3740 958 3804; x_wconf 90' lang='lat' dir='ltr'><strong>satis</strong></span> <span class='ocrx_word' id='word_1_238' title='bbox 980 3751 1065 3805; x_wconf 91' lang='lat' dir='ltr'><strong>tutus</strong></span> <span class='ocrx_word' id='word_1_239' title='bbox 1089 3743 1137 3807; x_wconf 75' lang='lat' dir='ltr'><strong>est</strong></span> <span class='ocrx_word' id='word_1_240' title='bbox 1151 3762 1180 3804; x_wconf 78' lang='lat' dir='ltr'><strong>aa</strong></span> 
     </span>
     <span class='ocr_line' id='line_1_39' title="bbox 593 3833 1026 3899; baseline 0.005 -2"><span class='ocrx_word' id='word_1_241' title='bbox 593 3834 633 3898; x_wconf 91' lang='lat' dir='ltr'><strong>ad</strong></span> <span class='ocrx_word' id='word_1_242' title='bbox 650 3833 841 3898; x_wconf 87' lang='lat' dir='ltr'><strong>narrandum</strong></span> <span class='ocrx_word' id='word_1_243' title='bbox 859 3833 911 3897; x_wconf 90' lang='lat' dir='ltr'><strong>hio</strong></span> <span class='ocrx_word' id='word_1_244' title='bbox 928 3834 1026 3899; x_wconf 87' lang='lat' dir='ltr'><strong>locus.</strong></span> 
     </span>
     <span class='ocr_line' id='line_1_40' title="bbox 168 3926 1138 4011; baseline 0.002 -17"><span class='ocrx_word' id='word_1_245' title='bbox 168 3930 230 4001; x_wconf 82' lang='lat' dir='ltr'><strong>Du.</strong></span> <span class='ocrx_word' id='word_1_246' title='bbox 254 3930 299 3999; x_wconf 85' lang='lat' dir='ltr'><strong>At</strong></span> <span class='ocrx_word' id='word_1_247' title='bbox 321 3939 357 3997; x_wconf 90' lang='lat' dir='ltr'><strong>tu</strong></span> <span class='ocrx_word' id='word_1_248' title='bbox 378 3929 459 3994; x_wconf 89' lang='lat' dir='ltr'><strong>intro</strong></span> <span class='ocrx_word' id='word_1_249' title='bbox 481 3927 542 3993; x_wconf 86' lang='lat' dir='ltr'><strong>abi.</strong></span> <span class='ocrx_word' id='word_1_250' title='bbox 583 3926 643 3992; x_wconf 85' lang='lat' dir='ltr'><strong>Cn.</strong></span> <span class='ocrx_word' id='word_1_251' title='bbox 664 3928 766 4003; x_wconf 89' lang='lat' dir='ltr'><strong>Heus,</strong></span> <span class='ocrx_word' id='word_1_252' title='bbox 788 3949 827 3990; x_wconf 90' lang='lat' dir='ltr'><strong>ne</strong></span> <span class='ocrx_word' id='word_1_253' title='bbox 849 3927 907 3991; x_wconf 84' lang='lat' dir='ltr'><strong>tilii</strong></span> <span class='ocrx_word' id='word_1_254' title='bbox 925 3928 1053 4011; x_wconf 90' lang='lat' dir='ltr'><strong>quidem</strong></span> <span class='ocrx_word' id='word_1_255' title='bbox 1075 3927 1138 3996; x_wconf 91' lang='lat' dir='ltr'><strong>hoc</strong></span> 
     </span>
     <span class='ocr_line' id='line_1_41' title="bbox 576 4021 977 4092; baseline -0.002 -1"><span class='ocrx_word' id='word_1_256' title='bbox 576 4021 689 4092; x_wconf 78' lang='lat' dir='ltr'><strong>‚nostri</strong></span> <span class='ocrx_word' id='word_1_257' title='bbox 706 4021 876 4091; x_wconf 73' lang='lat' dir='ltr'><strong>resciscant</strong></span> <span class='ocrx_word' id='word_1_258' title='bbox 893 4022 977 4090; x_wconf 88' lang='lat' dir='ltr'><strong>uolo.</strong></span> 
     </span>
    </p>
   </div>
   <div class='ocr_carea' id='block_1_4' title="bbox 0 0 1306 4432">
    <p class='ocr_par' dir='ltr' id='par_1_4' title="bbox 0 0 1306 4432">
     <span class='ocr_line' id='line_1_42' title="bbox 0 0 1306 4432; baseline 0 2"><span class='ocrx_word' id='word_1_259' title='bbox 0 0 1306 4432; x_wconf 95' lang='lat' dir='ltr'><strong> </strong></span> 
     </span>
    </p>
   </div>
  </div>
 </body>
</html>
