2602 4432
477 839 805 911 PROLOGVS.

159 1063 263 1132 Poeta
280 1088 376 1151 quom
393 1064 531 1152 primum
548 1064 688 1130 enimum
707 1064 749 1128 ad
771 1063 972 1130 scribendum
995 1065 1125 1152 edpulit‚

159 1168 202 1232 Id
218 1168 278 1234 sibi
295 1168 404 1254 negoti
421 1167 553 1232 credidit
570 1168 672 1232 solium
690 1167 768 1243 dari,

105 1354 107 1359 Ι
160 1269 286 1357 Populo
303 1271 340 1335 ut
355 1271 516 1357 placerent
533 1269 612 1354 ques
630 1269 756 1335 fecisset
773 1269 908 1336 febulas.

160 1373 282 1440 Verum
300 1373 389 1439 eliter
405 1372 533 1438 euenire
550 1372 650 1436 multo
667 1372 834 1459 intellegit3

132 1493 146 1534 ⁶
161 1475 193 1542 N
194 1498 245 1541 um
263 1475 295 1540 in
312 1466 646 1563 prelogis'scribindis
664 1496 794 1560 operam
811 1474 961 1552 abrilitur,
1160 1482 1179 1539 5

160 1569 236 1643 Non*
251 1577 306 1662 qui
324 1578 545 1664 ergumentum
563 1577 681 1659 nerret
698 1576 754 1642 sed
771 1577 828 1661 qui
845 1577 986 1643 meliuoli

162 1681 287 1748 Veteris
304 1685 417 1766 poetae
434 1678 610 1745 meledictis
628 1678 827 1766 respendeat.

160 1782 274 1860 Nunc,
283 1782 379 1867 quem
393 1804 461 1848 rem
476 1780 552 1846 uitio
565 1781 650 1859 dent,
669 1802 788 1865 quaeso
802 1781 943 1850 animum
957 1781 1126 1851 adtendite.

161 1883 341 1950 Menender
357 1882 433 1949 fecit
449 1864 606 1949 rirudriam
624 1894 656 1949 et
673 1881 880 1949 Perinthiam.
989 1930 991 1934 »

119 2006 145 2047 ro
162 1986 228 2069 Qui
246 1986 399 2052 utremuis
416 1997 502 2052 reete
519 1985 613 2062 uerit,
631 1985 741 2050 ambas
758 1985 896 2051 uenerit:
1145 1994 1179 2051 10

161 2082 236 2154 Non
253 2090 297 2154 ita
314 2088 457 2154 dissimili
475 2089 549 2153 siant
566 2098 763 2174 argumento,
782 2087 937 2154 ettamen

161 2190 316 2256 Dissimili
334 2190 475 2256 oratiene
491 2200 565 2255 sunt
582 2190 685 2255 factae
702 2190 740 2255 ec
758 2190 838 2255 stilo.

164 2293 259 2376 Quae
278 2293 455 2359 cenuenere
472 2292 506 2359 in
522 2273 681 2358 ludriam
699 2315 739 2358 ex
755 2291 920 2359 Perinthia

162 2395 296 2462 Fatetur
312 2382 509 2477 transtulisse
527 2409 622 2479 atque
639 2417 733 2460 usum
751 2394 809 2480 pre
827 2394 902 2460 suis.

121 2515 147 2558 u
162 2497 203 2563 Id
219 2498 271 2564 isti
288 2497 470 2585 uituperant
487 2496 606 2561 fectum
625 2506 719 2580 atque
737 2496 770 2562 in
788 2519 825 2563 eo
844 2497 1005 2604 disputant
1145 2507 1180 2563 15

164 2597 382 2666 Contaminari
398 2599 463 2665 nen
481 2598 593 2685 decere
610 2598 746 2664 febulas

161 2702 339 2768 Faciuntne
356 2681 579 2802 intellegendo,
597 2712 633 2766 ut
649 2701 695 2767 nil
711 2701 897 2786 intellegant
884 2701 915 2765 t?
967 2660 1074 2797 (eli
1101 2592 1281 2860 Q&

163 2803 229 2888 Qui
246 2826 343 2889 quom
360 2792 446 2870 hinc
462 2813 622 2883 accusant,
640 2803 800 2870 Naeuium
816 2802 969 2868 Plautum
986 2801 1128 2868 Ennium
1240 2790 1250 2809 ''

37 2952 39 2957 s
163 2907 336 2985 Accirsant,
354 2921 434 2991 quos
451 2905 504 2972 hic
519 2904 627 2972 nester
644 2907 788 2972 auctores
805 2904 912 2983 habet,

119 3028 146 3069 ao
163 3007 309 3090 Quorum
327 3007 478 3075 aemulari
495 3007 624 3094 exeptat
640 3007 870 3093 neclegentiam
1144 3019 1179 3074 20

161 3111 273 3176 Potiirs
291 3132 387 3195 quam
403 3111 535 3175 istorum
553 3111 720 3175 obscriram
738 3109 944 3196 diligentiam.

162 3212 289 3278 Dehinc
305 3213 341 3277 irt
357 3212 522 3297 quiescant
538 3212 632 3298 perro
649 3234 763 3277 moneo
780 3224 812 3277 et
829 3211 974 3276 desinant
1009 3240 1011 3245 2

161 3314 249 3381 Male
267 3314 381 3390 dicere,
399 3312 568 3379 malefecta
584 3336 625 3379 ne
642 3315 775 3380 noscent
791 3337 859 3380 sua.

115 3419 119 3427 '
160 3416 420 3493 Fauete‚adeste
437 3437 539 3500 aequo
556 3415 663 3481 enimc
681 3427 713 3482 et
729 3439 795 3481 rem
814 3414 1004 3501 cognescite‚

118 3536 145 3578 as
160 3521 207 3588 Vt
219 3520 389 3606 'pernoscat
376 3518 427 3595 t‚is
445 3518 556 3603 ecquid
574 3518 642 3604 spei
659 3517 700 3591 sit
717 3518 884 3596 relicuom,
1144 3531 1179 3587 25

160 3620 300 3687 Posthec
316 3641 397 3705 quas
414 3620 509 3685 faciet
526 3620 566 3687 de
583 3621 707 3706 integro
725 3620 914 3697 comoediae,

161 3721 363 3813 Spectendae
381 3722 725 3937 c{rigerdaean
633 3722 695 3788 sint
713 3723 804 3787 uobis
789 3721 919 3809 sprius.

540 3805 1150 4004 Qttffitle
