<?xml version="1.0" encoding="UTF-8"?>
<!DOCTYPE html PUBLIC "-//W3C//DTD XHTML 1.0 Transitional//EN"
    "http://www.w3.org/TR/xhtml1/DTD/xhtml1-transitional.dtd">
<html xmlns="http://www.w3.org/1999/xhtml" xml:lang="en" lang="en">
 <head>
  <title>
</title>
<meta http-equiv="Content-Type" content="text/html;charset=utf-8" />
  <meta name='ocr-system' content='tesseract 3.04.00' />
  <meta name='ocr-capabilities' content='ocr_page ocr_carea ocr_par ocr_line ocrx_word'/>
</head>
<body>
  <div class='ocr_page' id='page_1' title='image "./comoediae00lindgoog_0246.png"; bbox 0 0 2602 4432; ppageno 0'>
   <div class='ocr_carea' id='block_1_1' title="bbox 87 184 1177 307">
    <p class='ocr_par' dir='ltr' id='par_1_1' title="bbox 87 184 1177 307">
     <span class='ocr_line' id='line_1_1' title="bbox 87 184 1177 307; baseline -0.007 -12"><span class='ocrx_word' id='word_1_1' title='bbox 87 235 142 307; x_wconf 68' lang='lat' dir='ltr'>aa</span> <span class='ocrx_word' id='word_1_2' title='bbox 542 237 699 295; x_wconf 75' lang='lat' dir='ltr'>ancras</span> <span class='ocrx_word' id='word_1_3' title='bbox 1043 217 1109 287; x_wconf 65' lang='lat'>201÷</span> <span class='ocrx_word' id='word_1_4' title='bbox 1175 184 1177 189; x_wconf 34' lang='lat'>⁵</span> 
     </span>
    </p>
   </div>
   <div class='ocr_carea' id='block_1_2' title="bbox 100 358 1177 4010">
    <p class='ocr_par' dir='ltr' id='par_1_2' title="bbox 100 358 1177 4010">
     <span class='ocr_line' id='line_1_2' title="bbox 101 358 1176 447; baseline -0.005 -19"><span class='ocrx_word' id='word_1_5' title='bbox 101 366 131 422; x_wconf 71' lang='grc' dir='ltr'>ω’</span> <span class='ocrx_word' id='word_1_6' title='bbox 163 372 166 377; x_wconf 87' lang='grc'><strong>“</strong></span> <span class='ocrx_word' id='word_1_7' title='bbox 225 364 377 441; x_wconf 61' lang='lat' dir='ltr'>emebat,</span> <span class='ocrx_word' id='word_1_8' title='bbox 394 368 430 428; x_wconf 91' lang='lat' dir='ltr'>ut</span> <span class='ocrx_word' id='word_1_9' title='bbox 447 384 544 447; x_wconf 89' lang='lat' dir='ltr'>quom</span> <span class='ocrx_word' id='word_1_10' title='bbox 561 365 720 440; x_wconf 80' lang='lat' dir='ltr'>mexume,</span> <span class='ocrx_word' id='word_1_11' title='bbox 740 373 808 427; x_wconf 88' lang='lat' dir='ltr'>tum</span> <span class='ocrx_word' id='word_1_12' title='bbox 825 358 1022 445; x_wconf 79' lang='lat' dir='ltr'>Pemphilus,</span> <span class='ocrx_word' id='word_1_13' title='bbox 1125 359 1176 416; x_wconf 88' lang='lat'>115</span> 
     </span>
     <span class='ocr_line' id='line_1_3' title="bbox 224 453 995 543; baseline -0.005 -21"><span class='ocrx_word' id='word_1_14' title='bbox 224 456 332 538; x_wconf 82' lang='lat' dir='ltr'>Quom</span> <span class='ocrx_word' id='word_1_15' title='bbox 349 460 439 543; x_wconf 81' lang='lat' dir='ltr'>peter</span> <span class='ocrx_word' id='word_1_16' title='bbox 457 478 589 522; x_wconf 86' lang='lat' dir='ltr'>uxorem</span> <span class='ocrx_word' id='word_1_17' title='bbox 608 469 644 522; x_wconf 91' lang='lat' dir='ltr'>ut</span> <span class='ocrx_word' id='word_1_18' title='bbox 661 457 755 522; x_wconf 77' lang='lat' dir='ltr'>ducat</span> <span class='ocrx_word' id='word_1_19' title='bbox 773 478 862 521; x_wconf 86' lang='lat' dir='ltr'>orare</span> <span class='ocrx_word' id='word_1_20' title='bbox 879 453 995 541; x_wconf 86' lang='lat' dir='ltr'>eccipit</span> 
     </span>
     <span class='ocr_line' id='line_1_4' title="bbox 224 550 1065 635; baseline -0.006 -18"><span class='ocrx_word' id='word_1_21' title='bbox 224 551 268 617; x_wconf 81' lang='lat' dir='ltr'>Et</span> <span class='ocrx_word' id='word_1_22' title='bbox 285 551 364 615; x_wconf 89' lang='lat' dir='ltr'>haec</span> <span class='ocrx_word' id='word_1_23' title='bbox 384 551 563 616; x_wconf 88' lang='lat' dir='ltr'>eommunia</span> <span class='ocrx_word' id='word_1_24' title='bbox 581 550 722 616; x_wconf 86' lang='lat' dir='ltr'>emnium</span> <span class='ocrx_word' id='word_1_25' title='bbox 740 572 822 635; x_wconf 88' lang='lat' dir='ltr'>quae</span> <span class='ocrx_word' id='word_1_26' title='bbox 839 550 914 615; x_wconf 74' lang='lat' dir='ltr'>sent</span> <span class='ocrx_word' id='word_1_27' title='bbox 929 558 1065 634; x_wconf 90' lang='lat' dir='ltr'>patrum,</span> 
     </span>
     <span class='ocr_line' id='line_1_5' title="bbox 226 642 1044 723; baseline -0.009 -12"><span class='ocrx_word' id='word_1_28' title='bbox 226 644 305 711; x_wconf 86' lang='lat' dir='ltr'>Sese</span> <span class='ocrx_word' id='word_1_29' title='bbox 323 667 431 709; x_wconf 90' lang='lat' dir='ltr'>senem</span> <span class='ocrx_word' id='word_1_30' title='bbox 450 667 519 710; x_wconf 91' lang='lat' dir='ltr'>esse</span> <span class='ocrx_word' id='word_1_31' title='bbox 537 644 651 723; x_wconf 87' lang='lat' dir='ltr'>dicere,</span> <span class='ocrx_word' id='word_1_32' title='bbox 669 645 758 709; x_wconf 90' lang='lat' dir='ltr'>illum</span> <span class='ocrx_word' id='word_1_33' title='bbox 777 655 883 709; x_wconf 88' lang='lat' dir='ltr'>autem</span> <span class='ocrx_word' id='word_1_34' title='bbox 900 642 1044 707; x_wconf 73' lang='lat' dir='ltr'>iunicum:</span> 
     </span>
     <span class='ocr_line' id='line_1_6' title="bbox 147 724 850 805; baseline -0.004 0"><span class='ocrx_word' id='word_1_35' title='bbox 147 798 151 805; x_wconf 89' lang='lat'><em>.</em></span> <span class='ocrx_word' id='word_1_36' title='bbox 222 724 522 804; x_wconf 76' lang='lat' dir='ltr'>Praesidium&#39;uelle</span> <span class='ocrx_word' id='word_1_37' title='bbox 541 741 574 804; x_wconf 92' lang='lat' dir='ltr'>se</span> <span class='ocrx_word' id='word_1_38' title='bbox 592 741 747 804; x_wconf 71' lang='lat' dir='ltr'>senectuti</span> <span class='ocrx_word' id='word_1_39' title='bbox 763 760 850 802; x_wconf 85' lang='lat' dir='ltr'>suae.</span> 
     </span>
     <span class='ocr_line' id='line_1_7' title="bbox 224 829 1176 920; baseline 0 -24"><span class='ocrx_word' id='word_1_40' title='bbox 224 833 282 897; x_wconf 92' lang='lat' dir='ltr'>Ille</span> <span class='ocrx_word' id='word_1_41' title='bbox 300 834 401 917; x_wconf 88' lang='lat' dir='ltr'>primo</span> <span class='ocrx_word' id='word_1_42' title='bbox 420 854 454 897; x_wconf 90' lang='lat' dir='ltr'>se</span> <span class='ocrx_word' id='word_1_43' title='bbox 471 836 603 920; x_wconf 79' lang='lat' dir='ltr'>negere3</span> <span class='ocrx_word' id='word_1_44' title='bbox 621 833 678 898; x_wconf 91' lang='lat' dir='ltr'>sed</span> <span class='ocrx_word' id='word_1_45' title='bbox 694 844 862 918; x_wconf 79' lang='lat' dir='ltr'>postquam</span> <span class='ocrx_word' id='word_1_46' title='bbox 878 831 981 896; x_wconf 82' lang='lat' dir='ltr'>eerins</span> <span class='ocrx_word' id='word_1_47' title='bbox 1126 829 1176 885; x_wconf 78' lang='lat'>120</span> 
     </span>
     <span class='ocr_line' id='line_1_8' title="bbox 105 925 1176 1004; baseline -0.002 -13"><span class='ocrx_word' id='word_1_48' title='bbox 105 968 109 977; x_wconf 77' lang='lat'><em>·</em></span> <span class='ocrx_word' id='word_1_49' title='bbox 223 926 320 991; x_wconf 88' lang='lat' dir='ltr'>Pater</span> <span class='ocrx_word' id='word_1_50' title='bbox 336 928 441 1004; x_wconf 86' lang='lat' dir='ltr'>instat,</span> <span class='ocrx_word' id='word_1_51' title='bbox 459 927 533 991; x_wconf 84' lang='lat' dir='ltr'>fecit</span> <span class='ocrx_word' id='word_1_52' title='bbox 551 927 647 991; x_wconf 81' lang='lat' dir='ltr'>enimi</span> <span class='ocrx_word' id='word_1_53' title='bbox 666 938 701 991; x_wconf 93' lang='lat' dir='ltr'>ut</span> <span class='ocrx_word' id='word_1_54' title='bbox 716 927 855 992; x_wconf 79' lang='lat' dir='ltr'>incertr&#39;rs</span> <span class='ocrx_word' id='word_1_55' title='bbox 873 925 964 1000; x_wconf 88' lang='lat' dir='ltr'>foret,</span> <span class='ocrx_word' id='word_1_56' title='bbox 1171 948 1176 955; x_wconf 92' lang='lat'><em>·</em></span> 
     </span>
     <span class='ocr_line' id='line_1_9' title="bbox 223 1018 955 1104; baseline -0.004 -20"><span class='ocrx_word' id='word_1_57' title='bbox 223 1019 365 1084; x_wconf 86' lang='lat' dir='ltr'>Puderin</span> <span class='ocrx_word' id='word_1_58' title='bbox 382 1043 465 1085; x_wconf 91' lang='lat' dir='ltr'>anne</span> <span class='ocrx_word' id='word_1_59' title='bbox 482 1020 581 1085; x_wconf 85' lang='lat' dir='ltr'>ameri</span> <span class='ocrx_word' id='word_1_60' title='bbox 600 1019 827 1104; x_wconf 81' lang='lat' dir='ltr'>obsequeretdr</span> <span class='ocrx_word' id='word_1_61' title='bbox 843 1018 955 1104; x_wconf 84' lang='lat' dir='ltr'>magis.</span> 
     </span>
     <span class='ocr_line' id='line_1_10' title="bbox 224 1112 1012 1197; baseline -0.004 -19"><span class='ocrx_word' id='word_1_62' title='bbox 224 1113 403 1179; x_wconf 84' lang='lat' dir='ltr'>Tundendo</span> <span class='ocrx_word' id='word_1_63' title='bbox 421 1125 517 1197; x_wconf 84' lang='lat' dir='ltr'>atque</span> <span class='ocrx_word' id='word_1_64' title='bbox 534 1114 606 1179; x_wconf 90' lang='lat' dir='ltr'>odio</span> <span class='ocrx_word' id='word_1_65' title='bbox 625 1115 762 1197; x_wconf 91' lang='lat' dir='ltr'>denique</span> <span class='ocrx_word' id='word_1_66' title='bbox 781 1112 885 1178; x_wconf 89' lang='lat' dir='ltr'>effecit</span> <span class='ocrx_word' id='word_1_67' title='bbox 902 1133 1012 1177; x_wconf 83' lang='lat' dir='ltr'>senex:</span> 
     </span>
     <span class='ocr_line' id='line_1_11' title="bbox 225 1205 993 1293; baseline -0.001 -22"><span class='ocrx_word' id='word_1_68' title='bbox 225 1206 402 1293; x_wconf 86' lang='lat' dir='ltr'>Despendit</span> <span class='ocrx_word' id='word_1_69' title='bbox 420 1208 449 1272; x_wconf 91' lang='lat' dir='ltr'>ei</span> <span class='ocrx_word' id='word_1_70' title='bbox 466 1219 597 1292; x_wconf 86' lang='lat' dir='ltr'>gnatam</span> <span class='ocrx_word' id='word_1_71' title='bbox 615 1209 708 1272; x_wconf 87' lang='lat' dir='ltr'>huius</span> <span class='ocrx_word' id='word_1_72' title='bbox 726 1207 821 1272; x_wconf 88' lang='lat' dir='ltr'>uicini</span> <span class='ocrx_word' id='word_1_73' title='bbox 839 1205 993 1292; x_wconf 85' lang='lat' dir='ltr'>prexumi.</span> 
     </span>
     <span class='ocr_line' id='line_1_12' title="bbox 224 1300 1176 1386; baseline -0.004 -20"><span class='ocrx_word' id='word_1_74' title='bbox 224 1302 333 1384; x_wconf 81' lang='lat' dir='ltr'>Vsque</span> <span class='ocrx_word' id='word_1_75' title='bbox 350 1301 428 1366; x_wconf 86' lang='lat' dir='ltr'>illud</span> <span class='ocrx_word' id='word_1_76' title='bbox 447 1301 581 1365; x_wconf 89' lang='lat' dir='ltr'>uisumst</span> <span class='ocrx_word' id='word_1_77' title='bbox 595 1301 764 1386; x_wconf 82' lang='lat' dir='ltr'>Pemphilo</span> <span class='ocrx_word' id='word_1_78' title='bbox 781 1324 821 1366; x_wconf 96' lang='lat' dir='ltr'>ne</span> <span class='ocrx_word' id='word_1_79' title='bbox 839 1300 982 1384; x_wconf 82' lang='lat' dir='ltr'>utiquem</span> <span class='ocrx_word' id='word_1_80' title='bbox 999 1320 1108 1385; x_wconf 83' lang='lat' dir='ltr'>graue,</span> <span class='ocrx_word' id='word_1_81' title='bbox 1126 1300 1176 1356; x_wconf 79' lang='lat'>125</span> 
     </span>
     <span class='ocr_line' id='line_1_13' title="bbox 223 1393 999 1481; baseline -0.001 -23"><span class='ocrx_word' id='word_1_82' title='bbox 223 1393 337 1460; x_wconf 90' lang='lat' dir='ltr'>Donec</span> <span class='ocrx_word' id='word_1_83' title='bbox 354 1395 418 1459; x_wconf 84' lang='lat' dir='ltr'>iam</span> <span class='ocrx_word' id='word_1_84' title='bbox 435 1394 468 1459; x_wconf 93' lang='lat' dir='ltr'>in</span> <span class='ocrx_word' id='word_1_85' title='bbox 486 1395 561 1480; x_wconf 87' lang='lat' dir='ltr'>ipsis</span> <span class='ocrx_word' id='word_1_86' title='bbox 579 1396 707 1481; x_wconf 78' lang='lat' dir='ltr'>nuptiis,</span> <span class='ocrx_word' id='word_1_87' title='bbox 725 1397 893 1481; x_wconf 80' lang='lat' dir='ltr'>postquem</span> <span class='ocrx_word' id='word_1_88' title='bbox 911 1393 999 1458; x_wconf 90' lang='lat' dir='ltr'>uidet</span> 
     </span>
     <span class='ocr_line' id='line_1_14' title="bbox 127 1488 989 1573; baseline -0.001 -20"><span class='ocrx_word' id='word_1_89' title='bbox 127 1526 129 1531; x_wconf 94' lang='lat'><em>·</em></span> <span class='ocrx_word' id='word_1_90' title='bbox 223 1490 356 1554; x_wconf 82' lang='lat' dir='ltr'>Paretss</span> <span class='ocrx_word' id='word_1_91' title='bbox 369 1511 432 1555; x_wconf 86' lang='lat' dir='ltr'>nec</span> <span class='ocrx_word' id='word_1_92' title='bbox 450 1511 571 1554; x_wconf 88' lang='lat' dir='ltr'>moram</span> <span class='ocrx_word' id='word_1_93' title='bbox 588 1491 686 1554; x_wconf 81' lang='lat' dir='ltr'>dllam</span> <span class='ocrx_word' id='word_1_94' title='bbox 703 1491 780 1573; x_wconf 92' lang='lat' dir='ltr'>quin</span> <span class='ocrx_word' id='word_1_95' title='bbox 798 1490 894 1554; x_wconf 82' lang='lat' dir='ltr'>ducet</span> <span class='ocrx_word' id='word_1_96' title='bbox 911 1488 989 1567; x_wconf 88' lang='lat' dir='ltr'>dari,</span> 
     </span>
     <span class='ocr_line' id='line_1_15' title="bbox 223 1581 1086 1668; baseline -0.002 -22"><span class='ocrx_word' id='word_1_97' title='bbox 223 1583 274 1647; x_wconf 93' lang='lat' dir='ltr'>Ibi</span> <span class='ocrx_word' id='word_1_98' title='bbox 293 1583 420 1647; x_wconf 90' lang='lat' dir='ltr'>demum</span> <span class='ocrx_word' id='word_1_99' title='bbox 436 1583 481 1647; x_wconf 88' lang='lat' dir='ltr'>ita</span> <span class='ocrx_word' id='word_1_100' title='bbox 498 1606 594 1668; x_wconf 84' lang='lat' dir='ltr'>aegre</span> <span class='ocrx_word' id='word_1_101' title='bbox 612 1584 693 1662; x_wconf 73' lang='lat' dir='ltr'>tulit,</span> <span class='ocrx_word' id='word_1_102' title='bbox 711 1595 747 1649; x_wconf 93' lang='lat' dir='ltr'>ut</span> <span class='ocrx_word' id='word_1_103' title='bbox 764 1584 865 1668; x_wconf 86' lang='lat' dir='ltr'>ipsam</span> <span class='ocrx_word' id='word_1_104' title='bbox 882 1581 1086 1658; x_wconf 83' lang='lat' dir='ltr'>Becchidem,</span> 
     </span>
     <span class='ocr_line' id='line_1_16' title="bbox 226 1674 989 1754; baseline -0.001 -13"><span class='ocrx_word' id='word_1_105' title='bbox 226 1674 263 1741; x_wconf 90' lang='lat' dir='ltr'>Si</span> <span class='ocrx_word' id='word_1_106' title='bbox 280 1676 415 1754; x_wconf 85' lang='lat' dir='ltr'>adesset,</span> <span class='ocrx_word' id='word_1_107' title='bbox 434 1676 527 1741; x_wconf 93' lang='lat' dir='ltr'>credo</span> <span class='ocrx_word' id='word_1_108' title='bbox 545 1676 591 1741; x_wconf 91' lang='lat' dir='ltr'>ibi</span> <span class='ocrx_word' id='word_1_109' title='bbox 608 1677 676 1742; x_wconf 90' lang='lat' dir='ltr'>eius</span> <span class='ocrx_word' id='word_1_110' title='bbox 695 1677 989 1751; x_wconf 80' lang='lat' dir='ltr'>commiseresceret.</span> 
     </span>
     <span class='ocr_line' id='line_1_17' title="bbox 224 1768 1176 1856; baseline -0.001 -21"><span class='ocrx_word' id='word_1_111' title='bbox 224 1769 289 1835; x_wconf 93' lang='lat' dir='ltr'>Vbi</span> <span class='ocrx_word' id='word_1_112' title='bbox 306 1770 463 1853; x_wconf 85' lang='lat' dir='ltr'>quemque</span> <span class='ocrx_word' id='word_1_113' title='bbox 482 1769 591 1835; x_wconf 85' lang='lat' dir='ltr'>datum</span> <span class='ocrx_word' id='word_1_114' title='bbox 609 1781 677 1836; x_wconf 86' lang='lat' dir='ltr'>erat</span> <span class='ocrx_word' id='word_1_115' title='bbox 694 1771 829 1856; x_wconf 82' lang='lat' dir='ltr'>spetium</span> <span class='ocrx_word' id='word_1_116' title='bbox 848 1768 1035 1846; x_wconf 78' lang='lat' dir='ltr'>solitddinis,</span> <span class='ocrx_word' id='word_1_117' title='bbox 1125 1771 1176 1825; x_wconf 87' lang='lat'>130</span> 
     </span>
     <span class='ocr_line' id='line_1_18' title="bbox 100 1863 1001 1949; baseline -0.003 -19"><span class='ocrx_word' id='word_1_118' title='bbox 100 1896 103 1900; x_wconf 49' lang='lat'><strong><em>⁴</em></strong></span> <span class='ocrx_word' id='word_1_119' title='bbox 223 1864 269 1931; x_wconf 90' lang='lat' dir='ltr'>Vt</span> <span class='ocrx_word' id='word_1_120' title='bbox 286 1863 433 1947; x_wconf 84' lang='lat' dir='ltr'>cenloqui</span> <span class='ocrx_word' id='word_1_121' title='bbox 451 1886 576 1928; x_wconf 91' lang='lat' dir='ltr'>mecum</span> <span class='ocrx_word' id='word_1_122' title='bbox 594 1865 658 1928; x_wconf 80' lang='lat' dir='ltr'>dna</span> <span class='ocrx_word' id='word_1_123' title='bbox 676 1875 796 1949; x_wconf 85' lang='lat' dir='ltr'>posset:</span> <span class='ocrx_word' id='word_1_124' title='bbox 820 1865 1001 1942; x_wconf 70' lang='lat' dir='ltr'>‘Permenq</span> 
     </span>
     <span class='ocr_line' id='line_1_19' title="bbox 110 1956 1177 2044; baseline -0.003 -21"><span class='ocrx_word' id='word_1_125' title='bbox 110 1983 113 1987; x_wconf 91' lang='lat'>·</span> <span class='ocrx_word' id='word_1_126' title='bbox 224 1957 320 2035; x_wconf 91' lang='lat' dir='ltr'>Perii,</span> <span class='ocrx_word' id='word_1_127' title='bbox 344 1957 422 2041; x_wconf 90' lang='lat' dir='ltr'>quid</span> <span class='ocrx_word' id='word_1_128' title='bbox 439 1979 499 2043; x_wconf 85' lang='lat' dir='ltr'>ego</span> <span class='ocrx_word' id='word_1_129' title='bbox 517 1959 582 2044; x_wconf 83' lang='lat' dir='ltr'>egit</span> <span class='ocrx_word' id='word_1_130' title='bbox 604 1959 638 2023; x_wconf 89' lang='lat' dir='ltr'>in</span> <span class='ocrx_word' id='word_1_131' title='bbox 660 1960 744 2042; x_wconf 88' lang='lat' dir='ltr'>qued</span> <span class='ocrx_word' id='word_1_132' title='bbox 764 1982 815 2024; x_wconf 92' lang='lat' dir='ltr'>me</span> <span class='ocrx_word' id='word_1_133' title='bbox 834 1958 953 2035; x_wconf 83' lang='lat' dir='ltr'>conieci</span> <span class='ocrx_word' id='word_1_134' title='bbox 974 1956 1106 2022; x_wconf 76' lang='lat' dir='ltr'>malum!</span> <span class='ocrx_word' id='word_1_135' title='bbox 1171 1982 1177 1988; x_wconf 88' lang='lat'>·</span> 
     </span>
     <span class='ocr_line' id='line_1_20' title="bbox 223 2051 1031 2137; baseline 0.002 -21"><span class='ocrx_word' id='word_1_136' title='bbox 223 2051 296 2116; x_wconf 91' lang='lat' dir='ltr'>Non</span> <span class='ocrx_word' id='word_1_137' title='bbox 313 2052 420 2137; x_wconf 86' lang='lat' dir='ltr'>petero</span> <span class='ocrx_word' id='word_1_138' title='bbox 438 2052 521 2117; x_wconf 85' lang='lat' dir='ltr'>ferre</span> <span class='ocrx_word' id='word_1_139' title='bbox 539 2053 609 2129; x_wconf 89' lang='lat' dir='ltr'>hoc,</span> <span class='ocrx_word' id='word_1_140' title='bbox 627 2053 798 2118; x_wconf 80' lang='lat' dir='ltr'>Permenor</span> <span class='ocrx_word' id='word_1_141' title='bbox 821 2053 900 2137; x_wconf 85' lang='lat' dir='ltr'>perii</span> <span class='ocrx_word' id='word_1_142' title='bbox 917 2052 1031 2118; x_wconf 64' lang='lat' dir='ltr'>miser?</span> 
     </span>
     <span class='ocr_line' id='line_1_21' title="bbox 138 2145 1106 2232; baseline -0.001 -21"><span class='ocrx_word' id='word_1_143' title='bbox 138 2148 198 2211; x_wconf 76' lang='grc' dir='ltr'>ΡΗ.</span> <span class='ocrx_word' id='word_1_144' title='bbox 221 2147 269 2209; x_wconf 90' lang='lat' dir='ltr'>At</span> <span class='ocrx_word' id='word_1_145' title='bbox 285 2147 316 2210; x_wconf 88' lang='lat' dir='ltr'>te</span> <span class='ocrx_word' id='word_1_146' title='bbox 335 2146 366 2211; x_wconf 93' lang='lat' dir='ltr'>di</span> <span class='ocrx_word' id='word_1_147' title='bbox 385 2146 527 2230; x_wconf 81' lang='lat' dir='ltr'>deaeque</span> <span class='ocrx_word' id='word_1_148' title='bbox 545 2147 680 2232; x_wconf 86' lang='lat' dir='ltr'>perdant</span> <span class='ocrx_word' id='word_1_149' title='bbox 697 2169 770 2212; x_wconf 90' lang='lat' dir='ltr'>cum</span> <span class='ocrx_word' id='word_1_150' title='bbox 788 2147 848 2212; x_wconf 92' lang='lat' dir='ltr'>istc</span> <span class='ocrx_word' id='word_1_151' title='bbox 867 2147 948 2224; x_wconf 83' lang='lat' dir='ltr'>odie,</span> <span class='ocrx_word' id='word_1_152' title='bbox 965 2145 1106 2212; x_wconf 84' lang='lat' dir='ltr'>Lachesi</span> 
     </span>
     <span class='ocr_line' id='line_1_22' title="bbox 100 2239 1176 2325; baseline 0.001 -21"><span class='ocrx_word' id='word_1_153' title='bbox 100 2259 126 2299; x_wconf 83' lang='lat' dir='ltr'>m</span> <span class='ocrx_word' id='word_1_154' title='bbox 138 2241 197 2305; x_wconf 73' lang='grc' dir='ltr'>ΡΑ.</span> <span class='ocrx_word' id='word_1_155' title='bbox 225 2239 271 2306; x_wconf 90' lang='lat' dir='ltr'>Vt</span> <span class='ocrx_word' id='word_1_156' title='bbox 288 2239 328 2304; x_wconf 88' lang='lat' dir='ltr'>ad</span> <span class='ocrx_word' id='word_1_157' title='bbox 346 2241 447 2325; x_wconf 80' lang='lat' dir='ltr'>padca</span> <span class='ocrx_word' id='word_1_158' title='bbox 464 2240 602 2318; x_wconf 86' lang='lat' dir='ltr'>redeam,</span> <span class='ocrx_word' id='word_1_159' title='bbox 621 2242 753 2307; x_wconf 87' lang='lat' dir='ltr'>uxerem</span> <span class='ocrx_word' id='word_1_160' title='bbox 771 2241 899 2307; x_wconf 84' lang='lat' dir='ltr'>deducit</span> <span class='ocrx_word' id='word_1_161' title='bbox 916 2247 1055 2306; x_wconf 91' lang='lat' dir='ltr'>domum.</span> <span class='ocrx_word' id='word_1_162' title='bbox 1125 2241 1176 2296; x_wconf 83' lang='lat'>135</span> 
     </span>
     <span class='ocr_line' id='line_1_23' title="bbox 223 2333 908 2421; baseline 0.001 -23"><span class='ocrx_word' id='word_1_163' title='bbox 223 2334 326 2398; x_wconf 90' lang='lat' dir='ltr'>Nocte</span> <span class='ocrx_word' id='word_1_164' title='bbox 342 2333 397 2396; x_wconf 81' lang='lat' dir='ltr'>itta</span> <span class='ocrx_word' id='word_1_165' title='bbox 413 2333 515 2418; x_wconf 88' lang='lat' dir='ltr'>prima</span> <span class='ocrx_word' id='word_1_166' title='bbox 531 2334 689 2418; x_wconf 83' lang='lat' dir='ltr'>uirginem</span> <span class='ocrx_word' id='word_1_167' title='bbox 706 2356 771 2399; x_wconf 91' lang='lat' dir='ltr'>non</span> <span class='ocrx_word' id='word_1_168' title='bbox 787 2335 908 2421; x_wconf 84' lang='lat' dir='ltr'>ettigit3</span> 
     </span>
     <span class='ocr_line' id='line_1_24' title="bbox 224 2426 957 2514; baseline 0.005 -24"><span class='ocrx_word' id='word_1_169' title='bbox 224 2426 317 2509; x_wconf 81' lang='lat' dir='ltr'>Quae</span> <span class='ocrx_word' id='word_1_170' title='bbox 335 2427 531 2492; x_wconf 87' lang='lat' dir='ltr'>censecutast</span> <span class='ocrx_word' id='word_1_171' title='bbox 548 2430 612 2492; x_wconf 84' lang='lat' dir='ltr'>nex</span> <span class='ocrx_word' id='word_1_172' title='bbox 630 2451 711 2505; x_wconf 86' lang='lat' dir='ltr'>eam,</span> <span class='ocrx_word' id='word_1_173' title='bbox 731 2429 828 2494; x_wconf 85' lang='lat' dir='ltr'>nihile</span> <span class='ocrx_word' id='word_1_174' title='bbox 846 2429 957 2514; x_wconf 85' lang='lat' dir='ltr'>magis.</span> 
     </span>
     <span class='ocr_line' id='line_1_25' title="bbox 137 2520 1073 2606; baseline 0 -21"><span class='ocrx_word' id='word_1_175' title='bbox 137 2524 196 2586; x_wconf 77' lang='grc' dir='ltr'>ΡΗ.</span> <span class='ocrx_word' id='word_1_176' title='bbox 220 2520 308 2603; x_wconf 80' lang='lat' dir='ltr'>Quid</span> <span class='ocrx_word' id='word_1_177' title='bbox 325 2521 393 2585; x_wconf 72' lang='lat' dir='ltr'>ais?</span> <span class='ocrx_word' id='word_1_178' title='bbox 415 2542 488 2585; x_wconf 92' lang='lat' dir='ltr'>cum</span> <span class='ocrx_word' id='word_1_179' title='bbox 506 2521 630 2606; x_wconf 84' lang='lat' dir='ltr'>uirgine</span> <span class='ocrx_word' id='word_1_180' title='bbox 647 2523 711 2586; x_wconf 77' lang='lat' dir='ltr'>ena</span> <span class='ocrx_word' id='word_1_181' title='bbox 728 2523 912 2589; x_wconf 82' lang='lat' dir='ltr'>adulescens</span> <span class='ocrx_word' id='word_1_182' title='bbox 930 2521 1073 2588; x_wconf 75' lang='lat' dir='ltr'>cubuerit</span> 
     </span>
     <span class='ocr_line' id='line_1_26' title="bbox 222 2615 980 2701; baseline 0.001 -22"><span class='ocrx_word' id='word_1_183' title='bbox 222 2615 301 2680; x_wconf 91' lang='lat' dir='ltr'>Plus</span> <span class='ocrx_word' id='word_1_184' title='bbox 318 2615 420 2699; x_wconf 85' lang='lat' dir='ltr'>petus,</span> <span class='ocrx_word' id='word_1_185' title='bbox 439 2637 509 2680; x_wconf 90' lang='lat' dir='ltr'>sese</span> <span class='ocrx_word' id='word_1_186' title='bbox 526 2615 580 2679; x_wconf 86' lang='lat' dir='ltr'>illa</span> <span class='ocrx_word' id='word_1_187' title='bbox 597 2616 755 2681; x_wconf 78' lang='lat' dir='ltr'>ebstinere</span> <span class='ocrx_word' id='word_1_188' title='bbox 773 2629 808 2681; x_wconf 89' lang='lat' dir='ltr'>ut</span> <span class='ocrx_word' id='word_1_189' title='bbox 824 2615 980 2701; x_wconf 80' lang='lat' dir='ltr'>peruerit?</span> 
     </span>
     <span class='ocr_line' id='line_1_27' title="bbox 100 2707 1175 2774; baseline 0.005 -4"><span class='ocrx_word' id='word_1_190' title='bbox 100 2728 127 2769; x_wconf 82' lang='lat' dir='ltr'>cs</span> <span class='ocrx_word' id='word_1_191' title='bbox 223 2707 297 2772; x_wconf 92' lang='lat' dir='ltr'>Non</span> <span class='ocrx_word' id='word_1_192' title='bbox 315 2707 383 2772; x_wconf 89' lang='lat' dir='ltr'>ueri</span> <span class='ocrx_word' id='word_1_193' title='bbox 400 2707 502 2773; x_wconf 90' lang='lat' dir='ltr'>simile</span> <span class='ocrx_word' id='word_1_194' title='bbox 520 2709 597 2774; x_wconf 91' lang='lat' dir='ltr'>dicis</span> <span class='ocrx_word' id='word_1_195' title='bbox 614 2731 674 2774; x_wconf 91' lang='lat' dir='ltr'>nec</span> <span class='ocrx_word' id='word_1_196' title='bbox 691 2733 803 2774; x_wconf 90' lang='lat' dir='ltr'>uerum</span> <span class='ocrx_word' id='word_1_197' title='bbox 820 2710 963 2774; x_wconf 78' lang='lat' dir='ltr'>erbitror.</span> <span class='ocrx_word' id='word_1_198' title='bbox 1124 2712 1175 2768; x_wconf 82' lang='grc'>110</span> 
     </span>
     <span class='ocr_line' id='line_1_28' title="bbox 137 2800 1027 2869; baseline 0.001 -2"><span class='ocrx_word' id='word_1_199' title='bbox 137 2804 195 2868; x_wconf 74' lang='grc' dir='ltr'>ΡΑ.</span> <span class='ocrx_word' id='word_1_200' title='bbox 224 2800 330 2867; x_wconf 89' lang='lat' dir='ltr'>Credo</span> <span class='ocrx_word' id='word_1_201' title='bbox 347 2804 391 2865; x_wconf 91' lang='lat' dir='ltr'>ita</span> <span class='ocrx_word' id='word_1_202' title='bbox 409 2802 510 2867; x_wconf 90' lang='lat' dir='ltr'>uideri</span> <span class='ocrx_word' id='word_1_203' title='bbox 529 2803 595 2866; x_wconf 89' lang='lat' dir='ltr'>tibi.</span> <span class='ocrx_word' id='word_1_204' title='bbox 629 2826 703 2868; x_wconf 85' lang='lat' dir='ltr'>nam</span> <span class='ocrx_word' id='word_1_205' title='bbox 720 2826 814 2868; x_wconf 89' lang='lat' dir='ltr'>nemo</span> <span class='ocrx_word' id='word_1_206' title='bbox 832 2804 873 2869; x_wconf 95' lang='lat' dir='ltr'>ad</span> <span class='ocrx_word' id='word_1_207' title='bbox 890 2806 921 2869; x_wconf 90' lang='lat' dir='ltr'>te</span> <span class='ocrx_word' id='word_1_208' title='bbox 939 2804 1027 2868; x_wconf 90' lang='lat' dir='ltr'>uenit</span> 
     </span>
     <span class='ocr_line' id='line_1_29' title="bbox 223 2895 990 2980; baseline 0.004 -20"><span class='ocrx_word' id='word_1_209' title='bbox 223 2895 293 2960; x_wconf 89' lang='lat' dir='ltr'>Nisi</span> <span class='ocrx_word' id='word_1_210' title='bbox 311 2895 440 2980; x_wconf 78' lang='lat' dir='ltr'>cripiens</span> <span class='ocrx_word' id='word_1_211' title='bbox 458 2895 519 2972; x_wconf 93' lang='lat' dir='ltr'>tui;</span> <span class='ocrx_word' id='word_1_212' title='bbox 537 2896 590 2962; x_wconf 87' lang='lat' dir='ltr'>ille</span> <span class='ocrx_word' id='word_1_213' title='bbox 607 2897 725 2961; x_wconf 85' lang='lat' dir='ltr'>inuitus</span> <span class='ocrx_word' id='word_1_214' title='bbox 741 2897 828 2962; x_wconf 87' lang='lat' dir='ltr'>illam</span> <span class='ocrx_word' id='word_1_215' title='bbox 847 2898 990 2963; x_wconf 76' lang='lat' dir='ltr'>duxerat.</span> 
     </span>
     <span class='ocr_line' id='line_1_30' title="bbox 139 2987 1005 3076; baseline 0.002 -21"><span class='ocrx_word' id='word_1_216' title='bbox 139 2990 199 3055; x_wconf 80' lang='lat' dir='ltr'>Pu.</span> <span class='ocrx_word' id='word_1_217' title='bbox 223 2987 310 3069; x_wconf 77' lang='lat' dir='ltr'>Quid</span> <span class='ocrx_word' id='word_1_218' title='bbox 329 2989 442 3054; x_wconf 88' lang='lat' dir='ltr'>deinde</span> <span class='ocrx_word' id='word_1_219' title='bbox 459 2989 514 3053; x_wconf 82' lang='lat' dir='ltr'>fit?</span> <span class='ocrx_word' id='word_1_220' title='bbox 547 2990 607 3055; x_wconf 73' lang='grc' dir='ltr'>ΡΑ.</span> <span class='ocrx_word' id='word_1_221' title='bbox 626 2990 750 3055; x_wconf 77' lang='lat' dir='ltr'>Diebus</span> <span class='ocrx_word' id='word_1_222' title='bbox 768 3013 844 3059; x_wconf 88' lang='lat' dir='ltr'>sane</span> <span class='ocrx_word' id='word_1_223' title='bbox 861 2992 1005 3076; x_wconf 79' lang='lat' dir='ltr'>pauculis</span> 
     </span>
     <span class='ocr_line' id='line_1_31' title="bbox 222 3081 936 3168; baseline 0.004 -21"><span class='ocrx_word' id='word_1_224' title='bbox 222 3083 303 3148; x_wconf 89' lang='lat' dir='ltr'>Post</span> <span class='ocrx_word' id='word_1_225' title='bbox 319 3081 506 3168; x_wconf 73' lang='lat' dir='ltr'>Pamphilus</span> <span class='ocrx_word' id='word_1_226' title='bbox 524 3107 575 3148; x_wconf 92' lang='lat' dir='ltr'>me</span> <span class='ocrx_word' id='word_1_227' title='bbox 593 3084 693 3149; x_wconf 83' lang='lat' dir='ltr'>selum</span> <span class='ocrx_word' id='word_1_228' title='bbox 711 3085 832 3149; x_wconf 85' lang='lat' dir='ltr'>seducit</span> <span class='ocrx_word' id='word_1_229' title='bbox 850 3085 936 3150; x_wconf 89' lang='lat' dir='ltr'>foras</span> 
     </span>
     <span class='ocr_line' id='line_1_32' title="bbox 100 3176 1174 3264; baseline 0.006 -25"><span class='ocrx_word' id='word_1_230' title='bbox 100 3197 126 3239; x_wconf 82' lang='lat' dir='ltr'>to</span> <span class='ocrx_word' id='word_1_231' title='bbox 222 3176 411 3261; x_wconf 70' lang='lat' dir='ltr'>Narratque,</span> <span class='ocrx_word' id='word_1_232' title='bbox 430 3187 465 3240; x_wconf 87' lang='lat' dir='ltr'>ut</span> <span class='ocrx_word' id='word_1_233' title='bbox 483 3176 575 3262; x_wconf 87' lang='lat' dir='ltr'>uirgo</span> <span class='ocrx_word' id='word_1_234' title='bbox 593 3177 633 3242; x_wconf 91' lang='lat' dir='ltr'>ab</span> <span class='ocrx_word' id='word_1_235' title='bbox 652 3200 685 3242; x_wconf 92' lang='lat' dir='ltr'>se</span> <span class='ocrx_word' id='word_1_236' title='bbox 702 3180 826 3264; x_wconf 83' lang='lat' dir='ltr'>integra</span> <span class='ocrx_word' id='word_1_237' title='bbox 844 3178 938 3244; x_wconf 91' lang='lat' dir='ltr'>etiam</span> <span class='ocrx_word' id='word_1_238' title='bbox 952 3182 1019 3244; x_wconf 72' lang='lat' dir='ltr'>tiam</span> <span class='ocrx_word' id='word_1_239' title='bbox 1036 3180 1105 3259; x_wconf 90' lang='lat' dir='ltr'>siet,</span> <span class='ocrx_word' id='word_1_240' title='bbox 1124 3184 1174 3238; x_wconf 84' lang='grc'>145</span> 
     </span>
     <span class='ocr_line' id='line_1_33' title="bbox 224 3269 1084 3353; baseline 0.005 -18"><span class='ocrx_word' id='word_1_241' title='bbox 224 3269 330 3352; x_wconf 82' lang='lat' dir='ltr'>Seque</span> <span class='ocrx_word' id='word_1_242' title='bbox 346 3271 420 3334; x_wconf 78' lang='lat' dir='ltr'>ente</span> <span class='ocrx_word' id='word_1_243' title='bbox 437 3290 534 3353; x_wconf 88' lang='lat' dir='ltr'>quam</span> <span class='ocrx_word' id='word_1_244' title='bbox 552 3292 622 3336; x_wconf 88' lang='lat' dir='ltr'>eam</span> <span class='ocrx_word' id='word_1_245' title='bbox 639 3272 768 3336; x_wconf 87' lang='lat' dir='ltr'>uxerem</span> <span class='ocrx_word' id='word_1_246' title='bbox 787 3272 928 3338; x_wconf 87' lang='lat' dir='ltr'>duxisset</span> <span class='ocrx_word' id='word_1_247' title='bbox 946 3274 1084 3352; x_wconf 91' lang='lat' dir='ltr'>domum,</span> 
     </span>
     <span class='ocr_line' id='line_1_34' title="bbox 224 3362 862 3452; baseline 0.006 -23"><span class='ocrx_word' id='word_1_248' title='bbox 224 3362 377 3448; x_wconf 74' lang='lat' dir='ltr'>Sperasse</span> <span class='ocrx_word' id='word_1_249' title='bbox 395 3386 448 3428; x_wconf 86' lang='lat' dir='ltr'>eas</span> <span class='ocrx_word' id='word_1_250' title='bbox 466 3364 600 3430; x_wconf 78' lang='lat' dir='ltr'>tolerere</span> <span class='ocrx_word' id='word_1_251' title='bbox 616 3386 710 3450; x_wconf 90' lang='lat' dir='ltr'>posse</span> <span class='ocrx_word' id='word_1_252' title='bbox 728 3366 862 3452; x_wconf 81' lang='lat' dir='ltr'>ndptias.</span> 
     </span>
     <span class='ocr_line' id='line_1_35' title="bbox 223 3455 983 3546; baseline 0.005 -24"><span class='ocrx_word' id='word_1_253' title='bbox 223 3455 304 3522; x_wconf 88' lang='lat' dir='ltr'>‘Sed</span> <span class='ocrx_word' id='word_1_254' title='bbox 323 3459 418 3540; x_wconf 82' lang='lat' dir='ltr'>quem</span> <span class='ocrx_word' id='word_1_255' title='bbox 437 3457 590 3522; x_wconf 90' lang='lat' dir='ltr'>decrerim</span> <span class='ocrx_word' id='word_1_256' title='bbox 607 3460 738 3525; x_wconf 91' lang='lat' dir='ltr'>menon</span> <span class='ocrx_word' id='word_1_257' title='bbox 756 3482 848 3546; x_wconf 88' lang='lat' dir='ltr'>posse</span> <span class='ocrx_word' id='word_1_258' title='bbox 866 3459 983 3526; x_wconf 89' lang='lat' dir='ltr'>diutius</span> 
     </span>
     <span class='ocr_line' id='line_1_36' title="bbox 223 3551 1020 3632; baseline 0.008 -18"><span class='ocrx_word' id='word_1_259' title='bbox 223 3551 363 3629; x_wconf 88' lang='lat' dir='ltr'>Habere,</span> <span class='ocrx_word' id='word_1_260' title='bbox 382 3574 452 3617; x_wconf 88' lang='lat' dir='ltr'>eam</span> <span class='ocrx_word' id='word_1_261' title='bbox 467 3552 604 3616; x_wconf 91' lang='lat' dir='ltr'>ludibrio</span> <span class='ocrx_word' id='word_1_262' title='bbox 622 3553 741 3632; x_wconf 88' lang='lat' dir='ltr'>haberi,</span> <span class='ocrx_word' id='word_1_263' title='bbox 758 3555 927 3632; x_wconf 82' lang='lat' dir='ltr'>Permeno,</span> <span class='ocrx_word' id='word_1_264' title='bbox 1018 3567 1020 3571; x_wconf 81' lang='grc'>’</span> 
     </span>
     <span class='ocr_line' id='line_1_37' title="bbox 100 3643 1173 3733; baseline 0.009 -29"><span class='ocrx_word' id='word_1_265' title='bbox 100 3664 126 3704; x_wconf 80' lang='lat' dir='ltr'>re</span> <span class='ocrx_word' id='word_1_266' title='bbox 224 3643 337 3726; x_wconf 92' lang='lat' dir='ltr'>Neque</span> <span class='ocrx_word' id='word_1_267' title='bbox 355 3643 521 3709; x_wconf 87' lang='lat' dir='ltr'>honestum</span> <span class='ocrx_word' id='word_1_268' title='bbox 539 3645 616 3710; x_wconf 89' lang='lat' dir='ltr'>mihi</span> <span class='ocrx_word' id='word_1_269' title='bbox 633 3669 736 3730; x_wconf 91' lang='lat' dir='ltr'>neque</span> <span class='ocrx_word' id='word_1_270' title='bbox 752 3647 829 3712; x_wconf 86' lang='lat' dir='ltr'>dtile</span> <span class='ocrx_word' id='word_1_271' title='bbox 847 3647 907 3733; x_wconf 91' lang='lat' dir='ltr'>ipsi</span> <span class='ocrx_word' id='word_1_272' title='bbox 925 3649 1080 3733; x_wconf 78' lang='lat' dir='ltr'>uirginist,</span> <span class='ocrx_word' id='word_1_273' title='bbox 1123 3652 1173 3707; x_wconf 87' lang='grc'>151</span> 
     </span>
     <span class='ocr_line' id='line_1_38' title="bbox 104 3736 1176 3828; baseline 0.008 -30"><span class='ocrx_word' id='word_1_274' title='bbox 104 3759 129 3799; x_wconf 82' lang='lat' dir='ltr'>rs</span> <span class='ocrx_word' id='word_1_275' title='bbox 224 3736 311 3819; x_wconf 80' lang='lat' dir='ltr'>Quin</span> <span class='ocrx_word' id='word_1_276' title='bbox 329 3739 484 3825; x_wconf 84' lang='lat' dir='ltr'>integram</span> <span class='ocrx_word' id='word_1_277' title='bbox 503 3739 611 3804; x_wconf 90' lang='lat' dir='ltr'>itidem</span> <span class='ocrx_word' id='word_1_278' title='bbox 632 3741 773 3819; x_wconf 77' lang='lat' dir='ltr'>reddam,</span> <span class='ocrx_word' id='word_1_279' title='bbox 795 3752 830 3805; x_wconf 89' lang='lat' dir='ltr'>ut</span> <span class='ocrx_word' id='word_1_280' title='bbox 853 3741 960 3828; x_wconf 88' lang='lat' dir='ltr'>accepi</span> <span class='ocrx_word' id='word_1_281' title='bbox 977 3744 998 3806; x_wconf 77' lang='lat' dir='ltr'>e</span> <span class='ocrx_word' id='word_1_282' title='bbox 1015 3744 1104 3808; x_wconf 89' lang='lat' dir='ltr'>suis’.</span> <span class='ocrx_word' id='word_1_283' title='bbox 1125 3753 1176 3807; x_wconf 84' lang='lat'>150</span> 
     </span>
     <span class='ocr_line' id='line_1_39' title="bbox 138 3829 1031 3921; baseline 0.006 -27"><span class='ocrx_word' id='word_1_284' title='bbox 138 3831 199 3894; x_wconf 86' lang='lat' dir='ltr'>Pn.</span> <span class='ocrx_word' id='word_1_285' title='bbox 221 3829 317 3894; x_wconf 93' lang='lat' dir='ltr'>Pium</span> <span class='ocrx_word' id='word_1_286' title='bbox 334 3833 373 3896; x_wconf 77' lang='lat' dir='ltr'>ec</span> <span class='ocrx_word' id='word_1_287' title='bbox 390 3831 540 3916; x_wconf 91' lang='lat' dir='ltr'>pudicum</span> <span class='ocrx_word' id='word_1_288' title='bbox 558 3832 719 3919; x_wconf 75' lang='lat' dir='ltr'>ingenium</span> <span class='ocrx_word' id='word_1_289' title='bbox 737 3857 845 3898; x_wconf 88' lang='lat' dir='ltr'>narras</span> <span class='ocrx_word' id='word_1_290' title='bbox 862 3834 1031 3921; x_wconf 79' lang='lat' dir='ltr'>Pamphili.</span> 
     </span>
     <span class='ocr_line' id='line_1_40' title="bbox 139 3925 1102 4010; baseline 0.006 -21"><span class='ocrx_word' id='word_1_291' title='bbox 139 3925 198 3989; x_wconf 78' lang='grc' dir='ltr'>ΡΑ.</span> <span class='ocrx_word' id='word_1_292' title='bbox 226 3925 313 3988; x_wconf 91' lang='lat' dir='ltr'>‘Hoc</span> <span class='ocrx_word' id='word_1_293' title='bbox 330 3925 390 4010; x_wconf 85' lang='lat' dir='ltr'>ego</span> <span class='ocrx_word' id='word_1_294' title='bbox 407 3926 546 4010; x_wconf 85' lang='lat' dir='ltr'>proferre</span> <span class='ocrx_word' id='word_1_295' title='bbox 563 3927 796 4001; x_wconf 86' lang='lat' dir='ltr'>incemmodum</span> <span class='ocrx_word' id='word_1_296' title='bbox 814 3928 857 3992; x_wconf 91' lang='lat' dir='ltr'>mi</span> <span class='ocrx_word' id='word_1_297' title='bbox 876 3953 943 3995; x_wconf 91' lang='lat' dir='ltr'>esse</span> <span class='ocrx_word' id='word_1_298' title='bbox 956 3929 1102 4008; x_wconf 78' lang='lat' dir='ltr'>erbitr0r3</span> 
     </span>
    </p>
   </div>
   <div class='ocr_carea' id='block_1_3' title="bbox 92 4016 978 4110">
    <p class='ocr_par' dir='ltr' id='par_1_3' title="bbox 92 4016 978 4110">
     <span class='ocr_line' id='line_1_41' title="bbox 92 4016 978 4110; baseline -0.001 -25"><span class='ocrx_word' id='word_1_299' title='bbox 92 4061 96 4069; x_wconf 83' lang='lat'>·</span> <span class='ocrx_word' id='word_1_300' title='bbox 124 4050 127 4054; x_wconf 94' lang='lat'>·</span> <span class='ocrx_word' id='word_1_301' title='bbox 226 4016 329 4085; x_wconf 84' lang='lat' dir='ltr'>Reddi</span> <span class='ocrx_word' id='word_1_302' title='bbox 347 4020 429 4106; x_wconf 89' lang='lat' dir='ltr'>patri</span> <span class='ocrx_word' id='word_1_303' title='bbox 448 4030 564 4098; x_wconf 87' lang='lat' dir='ltr'>autem,</span> <span class='ocrx_word' id='word_1_304' title='bbox 583 4023 712 4110; x_wconf 80' lang='lat' dir='ltr'>quattu</span> <span class='ocrx_word' id='word_1_305' title='bbox 726 4022 777 4091; x_wconf 76' lang='lat' dir='ltr'>ut</span> <span class='ocrx_word' id='word_1_306' title='bbox 792 4022 884 4093; x_wconf 60' lang='lat' dir='ltr'>draus</span> <span class='ocrx_word' id='word_1_307' title='bbox 896 4022 978 4097; x_wconf 59' lang='lat' dir='ltr'>aaut,</span> 
     </span>
    </p>
   </div>
   <div class='ocr_carea' id='block_1_4' title="bbox 0 0 1306 4432">
    <p class='ocr_par' dir='ltr' id='par_1_4' title="bbox 0 0 1306 4432">
     <span class='ocr_line' id='line_1_42' title="bbox 0 0 1306 4432; baseline 0 0"><span class='ocrx_word' id='word_1_308' title='bbox 0 0 1306 4432; x_wconf 95' lang='lat' dir='ltr'> </span> 
     </span>
    </p>
   </div>
  </div>
 </body>
</html>
