2602 4432
103 230 185 305 111‚4
538 230 746 289 ADELPHOE
1062 213 1124 281 257

116 373 142 415 ³⁵
238 355 351 439 Neque
369 357 466 421 inere:
486 357 540 421 alit
557 357 637 435 illas,
656 357 740 447 solus
758 376 885 420 omnem
902 352 1055 417 familiam

243 448 420 517 Sustentat:
439 451 524 516 hunc
542 451 673 528 abddce,
692 451 789 528 uinci,
807 451 923 534 quatre
940 470 1017 514 rem.

156 541 216 610 Ge.
238 544 341 610 Immo
369 545 474 611 hercle
505 557 671 630 extorque,
702 546 761 610 nisi
788 545 833 608 ita
863 543 1026 617 factumst,
1056 539 1124 603 De-

238 733 405 799 Postrdmo
422 757 487 799 non
504 663 657 820 negdlliieti·
668 757 774 800 coram
791 734 895 820 ipsulm
913 732 1000 797 cedo.

154 824 217 891 Dr.
239 827 359 892 Pudet:
382 850 441 893 nec
463 828 540 912 quid
561 851 655 914 agam
676 831 775 914 neque
797 826 874 912 quid
895 826 969 891 huic
994 825 1123 910 respdn-
1139 826 1191 881 485

114 1030 142 1071 ⁴0
239 1012 322 1080 Scio.
357 1017 443 1097 (ΡΑ.)
459 923 693 1094 Miserdireaide,
711 1015 839 1082 differor
856 1012 1028 1078 doldribusl

238 1108 320 1174 Iuno
338 1108 473 1187 Lucina,
495 1110 544 1174 fer
560 1110 668 1196 opem!
691 1133 783 1176 serua
803 1131 854 1174 me
876 1106 1018 1172 obsecrol
1057 1107 1120 1171 He.

237 1294 324 1360 Num
341 1320 415 1361 nam
431 1297 486 1362 llla
498 1204 780 1383 quaeiledl'rturit?
803 1294 863 1362 Ga.
878 1293 984 1371 Certe,
1003 1292 1120 1378 Hegio.

237 1482 334 1547 Illaec
351 1483 446 1549 fidem
463 1507 548 1550 nunc
565 1391 869 1570 ddilrissnlllnplorat,
891 1481 1029 1546 Demea:

238 1573 335 1655 Quod
351 1577 408 1641 ude
425 1577 475 1642 ius
493 1578 588 1664 cogit,
605 1578 639 1642 ld
656 1578 819 1643 uoluntate
835 1578 991 1661 impetret.
1136 1588 1189 1643 490

237 1668 328 1734 Haec
357 1672 494 1756 primum
524 1686 560 1736 ut
589 1671 666 1735 fiant
696 1672 772 1736 deos
803 1691 936 1755 quaese,
967 1678 1003 1732 ut
1028 1665 1119 1731 uobis

238 1854 297 1922 Sin
314 1857 404 1923 dliter
422 1859 545 1923 animus
563 1765 674 1924 rddesetdi
689 1869 746 1936 est,
764 1880 835 1944 ego,
853 1856 987 1932 Demea,

238 1950 372 2017 Summa
404 1953 438 2016 ui
473 1953 641 2019 defendam
675 1953 757 2018 hanc
787 1963 882 2036 atque
913 1951 1004 2015 illum
1037 1949 1119 2013 mdr·

183 2143 186 2149 ’
238 2135 403 2223 Cognatus
421 2139 498 2205 mihi
516 2058 679 2219 aufidii
697 2165 716 2206 a
733 2140 839 2226 pueris
857 2139 994 2225 patruolis

237 2230 356 2297 Sumus
373 2234 479 2299 educti
484 2259 493 2310 ;
511 2257 576 2299 una
593 2237 717 2321 semper
734 2234 864 2299 militiae
882 2235 913 2297 et
930 2232 1016 2297 domi
1133 2248 1185 2302 495

112 2340 138 2382 ω
234 2325 368 2391 Fuimus
373 2352 382 2405 3
399 2340 617 2413 paupertatem
634 2331 698 2394 dna
715 2328 901 2414 pertulimus
918 2348 1060 2412 grauem.

237 2417 438 2507 Quaprdpter
454 2423 545 2500 nitar,
563 2424 689 2500 faciam,
702 2423 860 2509 experiar,
879 2421 1015 2504 denique

235 2514 387 2578 Animam
404 2516 580 2601 relinquam
597 2519 702 2603 potius
721 2540 816 2602 quam
833 2516 903 2580 illas
920 2515 1072 2579 deseram.

236 2605 324 2688 Quid
346 2608 422 2674 mihi
444 2612 634 2727 respondeo?
650 2610 729 2720 'Dr-r.
752 2612 897 2675 Frdtrem
919 2607 1115 2683 ceramium,

111 2810 138 2853 ω
150 2793 214 2879 Hu.
234 2793 310 2872 Sed,
328 2795 462 2874 Demea,
479 2797 540 2864 hoc
557 2706 607 2862 td1
608 2727 704 2865 iiiito
722 2822 794 2864 cum
812 2798 916 2862 animo
933 2773 1067 2881 odgitee:
1132 2819 1184 2874 500

236 2886 342 2969 Quam
361 2891 417 2955 ude
434 2891 594 2957 facillume
611 2893 714 2979 agitis,
733 2914 828 2977 quam
846 2891 920 2956 estis
937 2893 1085 2955 mtxume

234 2982 385 3049 Potentes
404 2985 483 3051 dites
500 2987 650 3052 fdrtunati
666 2987 797 3064 ndbiles,

235 3075 316 3141 Tam
334 3081 481 3145 maxume
498 3102 556 3145 uos
574 3083 675 3165 aequo
693 3081 798 3146 animo
816 3100 917 3163 aequa
932 3079 1060 3144 noscere

236 3167 380 3256 Opdrtet,
398 3173 425 3237 si
442 3196 501 3238 uos
518 3175 610 3239 udltis
626 3175 785 3262 perhiberi
800 3174 927 3260 probos.

111 3282 137 3323 co
149 3262 213 3328 Dr.
235 3263 363 3331 Redito:
382 3267 458 3333 fient
475 3271 557 3353 quae
574 3270 643 3336 fieri
660 3279 824 3354 aequomst
842 3268 956 3333 omnia.
1027 3305 1031 3313 ·
1132 3291 1182 3345 505

149 3358 214 3423 Ha.
234 3356 338 3425 Decet
355 3371 386 3425 te
402 3362 516 3428 facere.
561 3362 655 3442 Geta,
678 3365 740 3429 duc
761 3386 812 3428 me
829 3363 911 3427 intro
932 3362 973 3427 ad
992 3360 1115 3426 Sdstra-

150 3546 213 3611 Du.
232 3547 306 3613 Non
336 3572 387 3615 me
416 3469 682 3619 indicentemlieo
712 3553 807 3618 fiunt:
842 3552 964 3617 utinam
992 3549 1044 3617 hic
1074 3551 1115 3615 alt

234 3737 445 3804 Defdnctuml
464 3648 690 3807 uerummnlidia
706 3743 797 3808 illaec
813 3741 941 3807 licentia

233 3832 382 3898 Profecto
400 3834 514 3901 euadet
529 3837 563 3900 ln
581 3837 710 3920 aliquod
725 3837 878 3922 magnum
895 3835 1022 3899 malum.

110 3942 138 3989 oe
234 3926 294 3991 Ibo
315 3930 353 3993 ac
373 3928 531 4013 requiram
557 3929 698 4007 fratrem,
724 3941 760 3994 ut
784 3929 818 3994 in
844 3952 916 3994 eum
938 3928 1017 3993 haec
1038 3939 1114 4002 tuo·
1131 3943 1183 3997 510

544 4072 548 4079 ·
571 4047 670 4096 mam·

197 4122 313 4169 luentes.
937 4123 981 4182 Ἣ
