2602 4432
532 244 740 325 Anuupnop

460 435 594 501 M1oio
667 434 819 500 Danaa

482 551 572 594 sunus
733 551 755 592 11

105 649 214 717 vaula
239 649 358 715 Pataita
375 673 394 717 a
411 648 502 714 nobis
520 649 603 723 sunt,
620 646 665 711 ita
682 658 718 712 ut
739 648 815 725 dixi,
833 645 990 714 Sostrata:

241 744 305 811 Vbi
326 747 375 810 uis
394 793 402 809 .
422 792 430 809 .
453 742 523 828 quis
544 765 619 806 nam
641 765 661 806 a
680 764 733 807 me
754 743 877 828 pepulit
900 754 965 807 tam
983 743 1122 828 grauiter

155 930 217 995 Da.
236 930 277 997 Ei
294 930 381 1008 mihi,
404 930 480 1015 quid
502 836 736 1013 faciaidriesdnid
758 931 870 1017 agam?
892 930 969 1014 qnid
988 931 1121 996 clamem

579 1025 634 1089 aut
651 1026 783 1108 querar?

240 1116 433 1196 Ocadlum‚
457 1140 476 1182 o
498 1129 591 1195 terra,
614 1140 632 1182 o
655 1118 754 1183 meria
776 1117 930 1203 Neptuni!
975 1119 1035 1184 Mi.
1058 1103 1120 1184 Em
1140 1128 1190 1184 790

578 1211 649 1276 tibi:

129 1322 143 1366 s
241 1306 382 1372 Resciuit
400 1327 526 1370 omnem
543 1329 624 1371 rem:
641 1305 676 1370 id
692 1328 776 1371 nunc
794 1306 909 1373 clamat
927 1307 1053 1372 scilicet.

238 1401 374 1465 Paratae
391 1399 476 1464 lites:
495 1400 781 1465 succurrendumst.
811 1399 874 1465 Dn.
893 1382 1015 1465 Eccum
1033 1401 1121 1466 adest

241 1492 428 1559 Communis
446 1493 624 1578 corruptela
640 1505 783 1558 nostrum
800 1494 944 1559 liberum.

155 1587 213 1653 Mi.
238 1588 384 1653 Tandem
400 1587 535 1673 reprime
553 1587 748 1651 iracundiam
767 1599 861 1671 atque
879 1588 920 1652 ad
938 1588 969 1652 te
986 1588 1063 1654 redi.

155 1681 217 1746 Du.
239 1682 398 1766 Repressi
417 1681 506 1758 redii,
525 1683 615 1746 mitto
633 1681 802 1746 maledicta
823 1681 942 1747 omniat
1132 1691 1189 1748 ,tao

115 1795 142 1835 ιο
239 1776 322 1840 Rem
339 1776 440 1861 ipsam
457 1785 614 1860 putemus.
650 1775 769 1848 dictum
787 1775 848 1841 hoc
864 1775 947 1841 inter
963 1776 1020 1840 nos
1038 1777 1099 1841 fuit

240 1869 305 1949 (Ep
323 1882 354 1934 te
371 1868 452 1934 adeo
470 1880 518 1934 est
535 1871 662 1951 ortum),
681 1870 721 1934 ne
739 1880 774 1934 tu
793 1870 919 1935 curares
936 1892 1043 1935 meum

238 1964 328 2030 Neue
350 1964 411 2049 ego
433 1963 540 2028 tuom?
560 1964 724 2049 responde.
768 1963 827 2029 Ma
853 1964 1030 2041 Factumst‚
1057 1966 1119 2030 non

578 2079 671 2144 nego.

154 2151 216 2216 Du.
237 2150 328 2232 Quor
344 2153 428 2217 minc
446 2152 531 2237 apud
548 2163 580 2217 te
597 2153 702 2237 potat?
739 2173 818 2236 quor
835 2150 948 2238 recipis
965 2155 1090 2219 meum?

239 2246 329 2328 Quor
345 2247 424 2310 emis
442 2246 586 2323 amicam,
603 2246 722 2311 Micio?
738 2269 815 2311 num
833 2248 888 2332 qui
906 2247 1009 2312 minus
1136 2264 1188 2319 800

116 2357 141 2398 1⁵
238 2339 322 2404 Mihi
352 2340 437 2405 idem
467 2341 517 2405 ius
548 2354 713 2423 aequomst
748 2342 817 2405 esse
848 2341 935 2424 quod
965 2343 1120 2407 mecdmst

575 2434 651 2498 tibi?

240 2526 378 2608 Quando
396 2530 457 2614 ego
475 2538 563 2592 tuom
580 2549 644 2593 non
661 2529 747 2605 curo,
764 2551 805 2593 ne
824 2531 900 2594 cura
917 2552 1033 2593 meum.

153 2622 212 2687 M1.
235 2621 309 2687 Non
331 2624 466 2706 aequom
488 2621 576 2687 dicis.
619 2621 683 2686 Da.
708 2620 799 2687 Non?
833 2622 893 2686 M1.
920 2622 1005 2688 Nam
1026 2635 1118 2689 uetus

574 2717 708 2782 uerbum
725 2717 784 2783 hoc
801 2718 969 2802 quidemst,

239 2808 429 2875 Communia
448 2832 516 2875 esse
534 2813 707 2875 amicorum
724 2811 806 2876 inter
824 2833 857 2876 se
876 2811 988 2876 dmnia.

153 2903 215 2968 Dn.
235 2902 366 2969 Facetel
402 2926 487 2968 nnnc
506 2904 635 2970 demum
651 2907 750 2971 istaec
767 2916 843 2970 nata
859 2906 998 2971 oratiost.
1134 2921 1186 2977 805

115 3018 140 3056 ao
153 2999 210 3064 M1.
238 2998 395 3062 Auscdlta
411 2998 533 3083 paucis,
552 2999 612 3064 nisi
631 3000 838 3076 molestumst,
855 2998 990 3066 Demea.

236 3091 407 3177 Principio,
425 3091 452 3156 si
469 3092 503 3156 id
520 3103 551 3157 te
569 3093 701 3170 mordet,
720 3104 880 3177 sumptum
899 3093 957 3157 filii

238 3184 343 3265 Quem
361 3186 491 3263 faciunt,
509 3206 627 3269 quaeso
644 3185 706 3250 hoc
723 3187 819 3251 facito
838 3198 943 3251 tecum
961 3187 1095 3272 cogites:

236 3279 288 3343 Tu
305 3279 373 3343 illos
391 3279 453 3343 duo
472 3279 546 3343 olim
563 3281 620 3365 prd
637 3303 671 3345 re
689 3279 820 3345 tollebas
839 3293 904 3358 tua,

237 3372 331 3453 Quod
350 3373 426 3437 satis
443 3374 578 3458 putabas
596 3374 651 3438 tua
669 3374 752 3438 bona
769 3374 924 3439 ambobus
940 3375 1018 3452 fore,
1133 3399 1185 3454 310

237 3465 280 3530 Et
298 3470 349 3532 md
367 3478 434 3533 tum
452 3488 583 3532 uxorem
602 3468 761 3532 credidisti
778 3469 897 3534 scilicet

235 3559 426 3627 Ductdrum.
458 3561 590 3628 eandem
608 3562 694 3627 illam
712 3563 864 3628 rationem
882 3561 1044 3647 antiquam
1062 3564 1117 3628 db·
1215 3588 1218 3595 ·

573 3656 652 3721 tine:

237 3749 409 3827 conserua,
426 3772 553 3834 quaere,
570 3754 675 3836 parce,
693 3751 745 3816 fac
762 3772 858 3835 quam
874 3750 1044 3836 pliirimum

235 3843 302 3910 Illis
319 3843 492 3928 relinquas:
511 3845 642 3931 gloriam
659 3856 694 3909 tu
711 3844 804 3909 istam
821 3845 937 3910 obtine.

236 3937 323 4017 Mea,
341 3941 423 4021 quad
440 3951 566 4025 praeter
583 3960 672 4023 spem
690 3941 834 4016 euenere,
853 3938 980 4003 utantur
999 3939 1076 4005 sine.
1133 3966 1188 4017 gia

237 4031 289 4100 De
308 4033 432 4099 summa
448 4033 493 4100 nil
511 4032 660 4102 decedet:
678 4032 770 4121 quod
781 4033 864 4099 iisne
880 4031 1074 4100 necassent,
