2602 4432
196 220 259 286 114
578 231 784 291 uvuvcsvs
1057 237 1060 242 ·
1149 235 1224 310 11,s

278 357 361 422 Tum
374 359 433 423 etsi
440 357 555 423 bonust
563 357 686 434 natura,
696 357 833 423 reddunt
841 358 989 423 curatum
1000 359 1166 426 iimoeom:
1182 380 1211 422 m

279 451 393 535 Itaque
411 454 488 537 ergo
506 462 661 516 amantur.
698 451 758 516 ΡΑ.
777 451 865 532 Quid
882 465 938 517 tua
955 454 1070 519 istaec?
1103 453 1167 521 Cn.

617 544 711 609 Nouo
728 545 832 630 figura
849 549 922 610 oris.
956 547 1018 611 Pu.
1040 548 1167 634 Papae.

195 638 255 705 Cn.
279 637 377 705 Color
393 640 499 716 uerus,
518 660 632 724 eorpus
646 639 783 704 solidum
800 651 832 704 et
848 640 916 704 suoi
932 641 1072 725 plenum.
1103 640 1167 706 Pu.

619 733 724 798 Anni?
756 731 815 799 Cn
834 733 941 798 Anni?
959 735 1108 810 sedecim

193 827 253 891 Pu.
275 826 353 891 Flos
369 828 448 913 ipse.
480 823 540 892 Os.
559 827 652 892 Nono
669 827 751 893 hano
764 828 800 891 tis
813 827 890 891 mihi
903 829 955 893 uel
969 829 1003 892 ui
1015 829 1068 895 uel
1082 831 1168 895 olam

616 922 668 987 uel
688 921 829 1008 preoirio

125 1029 178 1083 320
277 1016 345 1080 Foo
363 1016 483 1080 trudas:
502 1015 635 1091 mesnil
652 1017 687 1080 τό
704 1015 776 1093 fert,
793 1015 872 1080 dum
889 1016 991 1100 potior
1008 1017 1114 1082 modo.

193 1109 253 1174 Pu.
277 1106 383 1191 Quid?
395 1111 487 1196 uirgo
501 1109 644 1194 quoiast?
675 1106 735 1173 011.
749 1109 866 1174 Nescio
879 1108 994 1175 hercle.
1024 1110 1085 1176 ΡΑ.
1095 1112 1167 1177 Vn·
1180 1131 1209 1172 so
1283 1143 1287 1149 -

618 1203 705 1267 dest?
729 1201 789 1267 Cu.
799 1201 1012 1268 Tantundem.
1031 1203 1091 1268 Pu.
1099 1205 1168 1272 Vbi

620 1295 762 1361 hobitat?

197 1390 257 1457 cn.
280 1391 329 1457 ue
355 1391 389 1455 u
414 1389 553 1474 quum.
596 1389 656 1455 sn.
681 1390 747 1457 vu
772 1389 899 1454 ussus
943 1388 1004 1456 cn.
1034 1371 1074 1456 in
1100 1391 1165 1456 uu

618 1482 678 1548 Pu.
706 1482 782 1565 Qua
798 1484 919 1550 mitione
937 1485 1088 1549 amisisti?

196 1576 263 1645 Cn..
278 1578 319 1643 Id
336 1577 485 1661 equidem
501 1577 674 1642 adueniens
687 1579 812 1642 meeum
825 1577 1046 1642 stomachabir
1058 1579 1164 1656 modo,

280 1671 350 1737 Neo
368 1672 560 1756 quemquam
578 1692 639 1758 ego
658 1694 727 1736 esse
745 1670 905 1737 hominem
921 1673 1067 1750 orbitror,
1089 1672 1166 1756 quoi

618 1766 720 1852 mogis
738 1766 841 1830 bonae

127 1866 179 1922 325
281 1859 462 1925 Felicitates
481 1859 590 1924 omues
608 1859 763 1924 aduorso&
780 1859 871 1924 sient

281 1951 369 2036 Quid
387 1952 448 2018 hoo
466 1965 514 2018 est
531 1952 671 2019 sceleris!
689 1953 777 2038 perii.
808 1952 867 2017 ΡΑ.
892 1951 981 2034 Quid
997 1953 1165 2019 factumst?
1178 1975 1206 2016 ss

621 2045 680 2112 Cu.
703 2046 830 2133 Rogas?

280 2141 387 2207 Patris
405 2151 576 2228 cognatum
594 2151 689 2224 atque
706 2141 872 2224 aequalem
888 2138 1148 2205 Archidemidem

280 2235 312 2301 N
313 2235 449 2300 ouistin?
469 2234 530 2300 Pu.
545 2232 699 2315 Quidni?
721 2231 782 2299 Cn.
795 2233 840 2311 Is,
853 2233 930 2299 dum
944 2233 1025 2300 hino
1039 2255 1164 2318 sequor,

619 2328 655 2392 fit
671 2327 715 2391 mi
733 2327 871 2393 obuiam.

196 2425 256 2490 Pu.
277 2423 482 2490 Incommode
491 2422 605 2487 hercle.
620 2420 680 2486 On.
690 2422 793 2485 immo
803 2421 971 2487 enimuero
982 2421 1163 2502 infeliciter3

128 2533 181 2587 330
282 2519 367 2583 Nam
383 2516 584 2583 incommodo
601 2516 663 2580 olio
681 2516 753 2580 sisnt
770 2515 914 2590 dicenda,
931 2513 1100 2581 Parmeno.

281 2613 377 2677 Illum
393 2611 493 2696 liquet
509 2610 587 2674 mihi
605 2610 745 2675 deierare
762 2609 811 2673 his
828 2608 991 2674 mensibus
1176 2629 1206 2672 eo

282 2705 349 2772 Sex
366 2706 487 2790 septem
504 2726 650 2790 prorsum
667 2704 732 2768 non
749 2702 867 2768 uidisse
884 2703 1058 2789 proxumis,

280 2799 352 2865 Nisi
364 2800 459 2876 nimo,
473 2820 569 2883 quom
584 2797 724 2863 minume
737 2797 852 2861 uellem
866 2797 1070 2882 minumeque
1083 2800 1164 2884 opus

619 2891 679 2955 fun

281 2987 365 3067 Eho,
382 2988 488 3052 nonne
505 2986 566 3051 hoo
583 2943 714 3049 monsiri
731 2984 880 3050 similest?
903 2984 981 3068 quid
997 2985 1064 3050 ais?
1104 2983 1164 3053 Pu.

129 3183 182 3239 335
198 3176 258 3243 Cn.
282 3175 443 3241 Continuo
461 3173 599 3239 adcurrit
615 3077 849 3253 iiiiiffiuam
866 3171 962 3259 longe
979 3172 1122 3257 quidem,

282 3271 446 3344 Incuruos,
465 3269 628 3344 tremulus
646 3266 738 3331 lobiis
759 3266 913 3342 demissis,
931 3289 1078 3350 gemens:
1177 3285 1205 3328 45

283 3366 389 3429 ‘Heus
407 3363 495 3438 hosis,
512 3360 570 3425 tibi
589 3361 669 3437 dieo,
689 3358 846 3447 Chaesea’
864 3359 977 3442 inquit.
1012 3361 1121 3425 restiti.

283 3457 378 3522 ‘Scin
390 3455 467 3540 quid
480 3477 540 3542 ego
554 3465 586 3519 te
599 3453 779 3519 uolebami'
799 3453 905 3518 “dio’'
926 3459 1010 3518 ‘oras
1028 3455 1075 3518 est
1088 3455 1166 3520 mihi

282 3550 460 3616 Iudicium!
479 3548 583 3633 “quid
600 3547 709 3612 tum?”
728 3553 778 3612 ‘ut
796 3547 965 3634 diiigenter
981 3547 1106 3613 minties

129 3664 180 3717 340
281 3644 382 3721 Patri,
399 3643 573 3708 oduoootus
590 3644 684 3706 mine
702 3640 745 3704 mi
763 3663 832 3706 esse
850 3652 886 3705 ut
903 3641 1100 3706 meminerit?

282 3740 371 3803 Dum
388 3737 468 3803 haec
485 3737 571 3813 dicit,
588 3735 666 3800 abiit
683 3733 770 3799 horo.
793 3756 872 3819 rogo
888 3757 966 3800 num
984 3735 1061 3816 quid
1077 3736 1163 3800 uelit.
1178 3755 1205 3796 so

283 3830 410 3897 ‘Recte’
428 3831 540 3914 iuquit.
574 3830 665 3894 abeo.
697 3850 794 3913 quom
812 3828 874 3893 him
891 3828 1025 3913 respicio
1043 3829 1084 3892 od
1101 3832 1166 3893 uir-

619 3945 737 4008 gmem,

281 4020 342 4086 Illa
359 4020 428 4086 sese
447 4018 567 4085 intereo
584 4015 786 4084 commodum
802 4014 866 4082 huo
884 4015 1066 4083 aduorterat
