2602 4432
117 224 286 310 nemu
551 234 756 295 nmwmws
1075 221 1140 290 nt
1257 224 1260 231 ’

130 379 157 421 cs
253 362 308 426 An
334 360 438 448 petius
464 359 544 426 haec
569 359 651 446 patri
679 360 844 444 aequomst
868 357 949 438 fieri,
980 363 1137 426 uterne

591 454 720 520 ludatir
736 455 838 520 dolis?

253 549 349 631 Quod
367 552 421 634 qui
438 548 611 627 rescierint,
630 549 771 635 cfflpent3
793 549 872 614 illud
888 550 999 614 merito
1017 550 1134 615 factum

591 645 700 709 omnes
718 653 839 729 putent.

166 739 226 804 ΡΑ.
249 737 337 820 Quid
354 738 442 804 istic?
464 738 491 802 si
509 747 660 804 certumst
680 737 796 817 fecere,
814 737 944 816 faciam
966 740 1078 803 uerum
1095 762 1135 804 ne

589 842 662 917 post
680 831 822 897 censeres

136 948 153 986 t>
252 923 390 1013 Culpam
411 927 445 989 iu
463 947 524 991 me.
568 923 629 991 Cn.
647 924 722 989 Non
742 925 866 990 faciem.
900 925 960 997 Pu.
978 925 1136 993 Iubesne?

490 1061 491 1064 =
590 1016 649 1083 Cn.
671 1017 824 1083 Iibeam?
850 1040 930 1104 cogo
956 1029 1052 1104 etque
1075 1023 1135 1085 im·

589 1133 680 1198 perox

250 1205 433 1290 Numquem
452 1205 615 1292 defugiam
634 1206 860 1272 aucteritatem.
899 1206 959 1272 Pr.
979 1205 1133 1292 Sequere:
1151 1223 1204 1278 390

591 1299 624 1363 di
641 1302 768 1366 uortent
786 1299 882 1365 benei

542 1568 755 1581 ..nn-nm

493 1761 692 1845 AOTVS
719 1763 799 1845 ΙΙΙ.

315 1916 488 1981 ΤΗΗΑεο
542 1912 721 1981 Grinnc
773 1914 977 1981 Psnunro

357 2030 446 2074 unns
547 2029 711 2075 runnmrvs
810 2030 921 2074 snnvos

108 2146 225 2214 111‚1Tn.
247 2145 387 2231 Magnes
404 2166 482 2210 nero
499 2167 595 2233 egere
613 2146 731 2232 gretias
748 2139 848 2210 Thais
867 2143 964 2209 mihi?

163 2238 224 2306 Gn.
248 2239 403 2324 Ingentis.
451 2239 514 2305 ΤΗ.
541 2239 608 2303 Ain
634 2250 680 2317 tu,
706 2239 839 2304 laetast?
878 2236 941 2304 Gn.
967 2237 1042 2302 Non
1067 2248 1132 2301 tarn

587 2331 656 2417 ipse
675 2332 803 2416 quidem

246 2424 353 2502 Done,
371 2446 467 2509 quam
487 2424 543 2489 abs
562 2437 593 2490 tc
611 2426 721 2490 datum
740 2427 824 2490 esse:
842 2425 876 2489 id
894 2445 969 2488 uero
987 2422 1069 2488 se'ric

246 2518 446 2604 Triirmphnt.
472 2518 534 2584 Pr.
548 2520 622 2584 Hoc
639 2521 767 2604 prouiso
784 2529 831 2597 nt,
848 2518 905 2584 ubi
922 2518 1046 2601 templis
1064 2517 1132 2594 siet,

133 2630 149 2674 c
244 2611 424 2678 Dedecam.
468 2612 525 2678 sed
552 2635 661 2678 eccum
688 2613 829 2679 militem.
877 2611 940 2677 ΤΗ.
965 2611 1026 2676 Est
1051 2612 1132 2676 istic
1149 2621 1200 2676 395

263 2754 264 2758 ,
585 2707 692 2771 datum

243 2800 405 2878 Profecto,
425 2810 459 2864 ut
476 2810 567 2884 gruta
584 2800 662 2864 mihi
680 2801 742 2865 sint
759 2822 842 2883 quae
859 2799 942 2865 facio
960 2799 1076 2864 emnia.

161 2893 221 2962 Gr.
245 2894 383 2960 Aduerti
410 2894 515 2958 hercle
542 2894 692 2959 animuin.
744 2894 805 2958 ΤΗ.
832 2893 894 2976 Vel
921 2915 978 2958 rex
1008 2916 1132 2979 semper

585 2991 750 3052 mexumas

242 3080 326 3146 Mihi
345 3081 461 3167 agebat
478 3081 633 3165 quidquid
651 3081 804 3146 feceram:
824 3081 893 3144 eliis
910 3081 976 3145 nen
994 3080 1081 3144 item.

160 3175 221 3241 Gn.
244 3175 373 3240 Lubere
392 3175 495 3239 alieno
514 3179 631 3260 megno
649 3186 773 3260 partam
790 3174 925 3261 gleriam

119 3289 146 3330 ιο
243 3268 359 3336 Verbis
378 3291 474 3353 saepe
490 3269 523 3332 in
542 3292 576 3332 se
594 3272 798 3345 trensmouet,
820 3268 876 3353 qui
898 3267 995 3332 habet
1017 3269 1129 3344 salem3
1147 3287 1200 3344 400

102 3339 198 3772 ζ
244 3361 340 3443 Quod
356 3362 390 3426 in
407 3363 439 3426 te
457 3374 514 3427 est.
545 3363 607 3427 ΤΗ.
625 3363 747 3428 Habes.
785 3362 846 3427 Gn.
865 3363 936 3427 Rex
954 3371 985 3426 te
1004 3364 1080 3448 ergo
1097 3363 1131 3427 in

141 3551 144 3555 .
582 3456 681 3520 oculis
715 3456 776 3521 ΤΗ.
797 3456 933 3522 Scilicet
1167 3484 1168 3487 ¹

158 3549 219 3617 Gn.
243 3549 388 3615 Gestere.
432 3548 494 3614 ΤΗ.
512 3551 613 3615 Vero:
633 3551 761 3615 credere
780 3572 906 3615 omnem
924 3550 1108 3626 exercitum,

177 3684 178 3689 κ
243 3642 392 3708 Consilia.
443 3641 504 3709 Gr.
536 3642 666 3708 Mirum.
714 3644 776 3708 ΤΗ.
808 3644 892 3708 Tum
924 3643 1026 3709 sicubi
1056 3667 1130 3709 eum

582 3737 709 3803 setietas

241 3831 417 3894 Hominum
436 3831 491 3895 mit
508 3831 616 3917 negoti
633 3833 660 3896 si
678 3831 805 3916 quando
823 3831 931 3897 odium
950 3834 1086 3917 ceperat,

117 3942 144 3986 Η
241 3923 454 4015 Requiescere
480 3925 536 3989 ubi
561 3925 699 4002 uolebat,
725 3927 818 4012 qussi
840 3971 849 3993 .
872 3973 882 3992 .
904 3927 1028 3994 nostin?
1068 3926 1128 3995 Gn.
1146 3944 1199 4000 405

582 4016 672 4088 Scio:
