2602 4432
154 246 198 316 54
398 262 586 324 HEAVTON
605 261 886 324 nmonvunttos
1100 260 1179 320 Ptol.

104 382 139 436 2⁰
199 385 309 451 Habet
325 387 480 452 bonorum
499 389 691 475 exemplum,
710 410 774 473 quo
793 387 937 473 exempli
956 385 1017 452 sibi
1142 405 1168 445 w

200 486 315 554 Licere
332 489 366 553 id
384 490 490 556 faeere
507 491 594 575 qued
610 491 656 556 illi
673 492 816 556 fecerent
832 500 932 576 putat.

200 589 285 654 Tum
301 592 390 675 qued
407 592 576 658 maliuolus
593 595 686 658 uetus
704 598 797 678 poeta
815 593 947 669 dictitat,

198 691 343 778 Repente
361 693 402 758 ad
420 693 560 759 studium
577 693 662 760 hune
680 717 714 759 se
731 693 907 779 edpliaasse
924 693 1091 770 mimicum,

197 795 349 859 ,enricum
366 795 494 882 ingenio
512 795 640 875 fretum,
658 796 744 862 haud
761 798 875 861 nature
894 819 967 861 sua:

102 891 137 944 25
196 896 374 962 Arbitrium
391 909 546 975 nostrum,
562 901 672 965 uestra
689 897 891 964 existumetio
1140 913 1168 956 2⁶

196 999 336 1064 Valebit.
372 1020 436 1083 qua
453 1022 488 1067 re
505 1002 608 1066 omnis
626 1021 685 1065 uos
703 1001 808 1065 orates
826 999 910 1078 uolo,

196 1101 246 1166 Ne
264 1102 336 1187 pitis
353 1102 496 1186 iniquom
512 1102 612 1188 pessit
630 1123 725 1187 quam
745 1124 879 1186 aequom
897 1100 1006 1167 aretio.

194 1202 304 1268 Facite
322 1203 416 1287 aequi
433 1203 511 1279 sitis,
530 1203 603 1269 dete
620 1203 783 1270 crescendi
801 1203 937 1289 eripiam,

195 1303 361 1370 Nouerum
378 1304 434 1390 qui
451 1305 616 1391 speetendi
632 1305 754 1371 faciunt
771 1305 895 1392 sepiam

101 1417 135 1472 30
197 1405 273 1472 Sine
291 1407 385 1472 uitiis.
429 1430 470 1473 ne
487 1408 540 1472 ille
558 1409 615 1494 pre
633 1429 668 1473 se
686 1407 806 1473 dictum
825 1409 1004 1486 existumet,
1138 1423 1166 1465 ω

195 1506 262 1589 Qui
278 1509 381 1594 nirper
397 1509 474 1575 feeit
490 1511 583 1575 seruo
601 1509 739 1575 currenti
755 1511 789 1574 in
807 1509 860 1574 uia

194 1609 336 1676 Decesse
353 1613 521 1696 populum:
540 1612 621 1695 quer
637 1610 749 1676 insano
767 1611 903 1676 seruiat?

196 1712 248 1778 De
266 1712 350 1777 illius
368 1713 507 1798 peccatis
524 1713 616 1800 plirra
633 1713 726 1792 dicet,
744 1716 840 1797 quem
858 1713 945 1778 dabit

196 1814 288 1879 Alias
304 1837 417 1893 nouas,
432 1814 495 1881 nisi
511 1815 609 1881 finem
628 1815 802 1882 maledictis
819 1815 903 1881 iacit.

100 1931 135 1986 35
196 1917 319 1982 Adeste
336 1937 439 2001 aequo
458 1917 573 1993 animo,
592 1917 665 1982 dete
682 1919 868 2003 potestatem
886 1917 963 1982 mihi

195 2018 366 2084 Stateriam
386 2041 481 2104 agere
498 2028 535 2083 ut
552 2017 644 2084 liceat
663 2041 720 2104 per
737 2018 906 2095 silentium,

195 2121 246 2186 Ne
266 2123 391 2206 semper
407 2143 516 2186 seruos
533 2121 672 2197 eirrrens,
690 2121 788 2186 iratirs
805 2143 913 2199 senex,

195 2222 290 2287 Edax
306 2223 474 2308 parasitus,
493 2222 690 2309 sycophanta
707 2234 813 2289 antem
830 2223 998 2309 inpudens,

196 2327 326 2390 Auerna
344 2325 416 2390 leno
435 2325 567 2390 adsidue
585 2324 700 2411 agendi
717 2327 779 2390 sint
795 2325 874 2389 milri

101 2443 136 2498 40
199 2426 348 2493 Clamere
366 2449 501 2504 summo,
519 2428 592 2493 erim
609 2427 717 2493 labore
733 2430 894 2493 maxumo.
1138 2443 1166 2485 «ο

195 2529 273 2594 Mea
283 2530 379 2595 carisa
388 2552 517 2595 eausam
527 2529 733 2595 haneiirstam
742 2552 812 2595 esse
821 2529 961 2593 animum
971 2528 1120 2606 indireite,
1156 2598 1159 2602 ,

197 2633 243 2699 Vt
260 2632 368 2715 eliqua
384 2655 459 2718 pars
476 2632 593 2698 laberis
611 2632 771 2697 minuatim
786 2632 874 2697 mihi.
914 2637 917 2645 '

194 2735 279 2799 Nam
299 2735 385 2798 nima
403 2755 503 2798 nouas
520 2735 575 2817 qui
593 2734 745 2812 scribunt,
762 2735 807 2799 nil
824 2736 958 2821 pararint
976 2735 1057 2801 seni:

197 2836 234 2902 Si
252 2837 334 2920 quae
352 2835 550 2912 laboriesast,
568 2836 608 2900 ad
627 2858 678 2900 me
696 2836 843 2915 erinitum
1001 2822 1003 2826 Α

101 2952 136 3028 45
199 2939 234 3005 Si
251 2938 331 3005 lenis
350 2950 408 3017 est,
426 2939 468 3003 ad
485 2939 583 3003 elium
602 2939 742 3004 defertin
758 2962 899 3027 gregem.
1137 2959 1165 3000 rs

195 3041 235 3105 In
254 3041 314 3106 hee
332 3052 381 3106 est
397 3062 479 3128 pura
496 3039 605 3106 oratio.
641 3041 835 3126 experimini,

197 3143 237 3207 In
254 3146 422 3227 utrimque
439 3153 562 3230 partem
580 3142 743 3228 ingenium
761 3143 838 3227 quid
855 3145 953 3230 possit
971 3166 1082 3210 meum.

169 3259 170 3263 ’
199 3245 426 3330 Simunqmm
445 3267 541 3311 auare
559 3244 696 3331 pretium
713 3245 809 3310 statui
826 3247 886 3310 arti
903 3248 992 3311 meae

195 3347 241 3413 Et
250 3371 323 3414 eum
332 3350 403 3414 esse
413 3346 772 3431 quaesmmininimum
780 3347 891 3412 induxi
901 3349 1094 3421 minumum,

101 3466 134 3519 50
194 3450 301 3532 Quam
318 3453 471 3516 maxume
490 3451 609 3515 seruire
626 3449 741 3514 uostris
759 3449 947 3523 aemmodis:
1139 3467 1166 3508 m

194 3551 386 3637 Exemplum
407 3550 533 3616 statuite
550 3553 585 3614 in
603 3563 664 3627 me,
683 3561 719 3614 ut
736 3549 965 3615 adulescentuli

194 3654 296 3722 Vobis
314 3654 441 3740 plaeere
459 3653 607 3719 strideant
625 3651 730 3739 potius
748 3654 845 3734 quam
863 3651 933 3717 sibi.
974 3719 976 3723 ,
1013 3711 1016 3718 ,

533 3883 745 3895 ..ιιι-
