<?xml version="1.0" encoding="UTF-8"?>
<!DOCTYPE html PUBLIC "-//W3C//DTD XHTML 1.0 Transitional//EN"
    "http://www.w3.org/TR/xhtml1/DTD/xhtml1-transitional.dtd">
<html xmlns="http://www.w3.org/1999/xhtml" xml:lang="en" lang="en">
 <head>
  <title>
</title>
<meta http-equiv="Content-Type" content="text/html;charset=utf-8" />
  <meta name='ocr-system' content='tesseract 3.04.00' />
  <meta name='ocr-capabilities' content='ocr_page ocr_carea ocr_par ocr_line ocrx_word'/>
</head>
<body>
  <div class='ocr_page' id='page_1' title='image "./comoediae00lindgoog_0216.png"; bbox 0 0 2602 4432; ppageno 0'>
   <div class='ocr_carea' id='block_1_1' title="bbox 106 199 1124 289">
    <p class='ocr_par' dir='ltr' id='par_1_1' title="bbox 106 199 1124 289">
     <span class='ocr_line' id='line_1_1' title="bbox 106 199 1124 289; baseline 0.005 -15"><span class='ocrx_word' id='word_1_1' title='bbox 106 214 191 289; x_wconf 75' lang='lat' dir='ltr'><strong>me</strong></span> <span class='ocrx_word' id='word_1_2' title='bbox 543 216 719 279; x_wconf 72' lang='lat' dir='ltr'><strong>mmmm</strong></span> <span class='ocrx_word' id='word_1_3' title='bbox 1064 199 1124 269; x_wconf 73' lang='lat'><strong>171</strong></span> 
     </span>
    </p>
   </div>
   <div class='ocr_carea' id='block_1_2' title="bbox 102 338 1268 4094">
    <p class='ocr_par' dir='ltr' id='par_1_2' title="bbox 102 338 1268 4094">
     <span class='ocr_line' id='line_1_2' title="bbox 158 338 1128 430; baseline -0.002 -23"><span class='ocrx_word' id='word_1_4' title='bbox 158 341 217 408; x_wconf 71' lang='lat' dir='ltr'><strong>Pu.</strong></span> <span class='ocrx_word' id='word_1_5' title='bbox 240 339 403 408; x_wconf 69' lang='lat' dir='ltr'><strong>Vendidit.</strong></span> <span class='ocrx_word' id='word_1_6' title='bbox 455 341 520 407; x_wconf 88' lang='lat' dir='ltr'><strong>Do.</strong></span> <span class='ocrx_word' id='word_1_7' title='bbox 557 341 664 425; x_wconf 79' lang='lat' dir='ltr'><strong>Quam</strong></span> <span class='ocrx_word' id='word_1_8' title='bbox 697 341 864 430; x_wconf 83' lang='lat' dir='ltr'><strong>indignum</strong></span> <span class='ocrx_word' id='word_1_9' title='bbox 897 338 1035 426; x_wconf 63' lang='lat' dir='ltr'><strong>facinus,</strong></span> <span class='ocrx_word' id='word_1_10' title='bbox 1070 342 1128 405; x_wconf 72' lang='lat' dir='ltr'><strong>dn·</strong></span> 
     </span>
     <span class='ocr_line' id='line_1_3' title="bbox 581 435 1034 522; baseline -0.009 -19"><span class='ocrx_word' id='word_1_11' title='bbox 581 436 686 503; x_wconf 83' lang='lat' dir='ltr'><strong>eillam</strong></span> <span class='ocrx_word' id='word_1_12' title='bbox 703 459 775 503; x_wconf 79' lang='lat' dir='ltr'><strong>aere</strong></span> <span class='ocrx_word' id='word_1_13' title='bbox 793 438 931 522; x_wconf 72' lang='lat' dir='ltr'><strong>emptdm</strong></span> <span class='ocrx_word' id='word_1_14' title='bbox 949 435 1034 500; x_wconf 88' lang='lat' dir='ltr'><strong>meoi</strong></span> 
     </span>
     <span class='ocr_line' id='line_1_4' title="bbox 158 527 1126 614; baseline -0.001 -21"><span class='ocrx_word' id='word_1_15' title='bbox 158 528 219 594; x_wconf 85' lang='lat' dir='ltr'><strong>Pu.</strong></span> <span class='ocrx_word' id='word_1_16' title='bbox 240 527 374 614; x_wconf 71' lang='lat' dir='ltr'><strong>Nequeo</strong></span> <span class='ocrx_word' id='word_1_17' title='bbox 401 552 531 596; x_wconf 83' lang='lat' dir='ltr'><strong>exorare</strong></span> <span class='ocrx_word' id='word_1_18' title='bbox 556 532 592 595; x_wconf 71' lang='lat' dir='ltr'><strong>ot</strong></span> <span class='ocrx_word' id='word_1_19' title='bbox 618 553 669 597; x_wconf 91' lang='lat' dir='ltr'><strong>me</strong></span> <span class='ocrx_word' id='word_1_20' title='bbox 695 542 822 596; x_wconf 80' lang='lat' dir='ltr'><strong>maneat</strong></span> <span class='ocrx_word' id='word_1_21' title='bbox 847 532 879 596; x_wconf 75' lang='lat' dir='ltr'><strong>ot</strong></span> <span class='ocrx_word' id='word_1_22' title='bbox 909 552 982 596; x_wconf 88' lang='lat' dir='ltr'><strong>oum</strong></span> <span class='ocrx_word' id='word_1_23' title='bbox 1010 528 1065 594; x_wconf 90' lang='lat' dir='ltr'><strong>illo</strong></span> <span class='ocrx_word' id='word_1_24' title='bbox 1092 538 1126 592; x_wconf 84' lang='lat' dir='ltr'><strong>ut</strong></span> 
     </span>
     <span class='ocr_line' id='line_1_5' title="bbox 581 625 794 690; baseline 0 0"><span class='ocrx_word' id='word_1_25' title='bbox 581 625 794 690; x_wconf 67' lang='lat' dir='ltr'><strong>mutetfidem</strong></span> 
     </span>
     <span class='ocr_line' id='line_1_6' title="bbox 244 715 1125 805; baseline 0 -24"><span class='ocrx_word' id='word_1_26' title='bbox 244 716 398 782; x_wconf 81' lang='lat' dir='ltr'><strong>Triduom</strong></span> <span class='ocrx_word' id='word_1_27' title='bbox 424 717 499 797; x_wconf 89' lang='lat' dir='ltr'><strong>hoo,</strong></span> <span class='ocrx_word' id='word_1_28' title='bbox 526 718 603 783; x_wconf 90' lang='lat' dir='ltr'><strong>dum</strong></span> <span class='ocrx_word' id='word_1_29' title='bbox 627 718 662 784; x_wconf 93' lang='lat' dir='ltr'><strong>id</strong></span> <span class='ocrx_word' id='word_1_30' title='bbox 687 720 771 803; x_wconf 73' lang='lat' dir='ltr'><strong>quid</strong></span> <span class='ocrx_word' id='word_1_31' title='bbox 797 730 845 784; x_wconf 82' lang='lat' dir='ltr'><strong>est</strong></span> <span class='ocrx_word' id='word_1_32' title='bbox 870 718 1059 805; x_wconf 77' lang='lat' dir='ltr'><strong>promissum</strong></span> <span class='ocrx_word' id='word_1_33' title='bbox 1084 715 1125 781; x_wconf 84' lang='lat' dir='ltr'><strong>ab</strong></span> 
     </span>
     <span class='ocr_line' id='line_1_7' title="bbox 581 811 1011 899; baseline -0.005 -21"><span class='ocrx_word' id='word_1_34' title='bbox 581 811 690 878; x_wconf 82' lang='lat' dir='ltr'><strong>amieis</strong></span> <span class='ocrx_word' id='word_1_35' title='bbox 707 824 874 899; x_wconf 85' lang='lat' dir='ltr'><strong>argentum</strong></span> <span class='ocrx_word' id='word_1_36' title='bbox 891 812 1011 876; x_wconf 81' lang='lat' dir='ltr'><strong>adfero.</strong></span> 
     </span>
     <span class='ocr_line' id='line_1_8' title="bbox 244 903 1125 992; baseline -0.001 -22"><span class='ocrx_word' id='word_1_37' title='bbox 244 903 281 970; x_wconf 88' lang='lat' dir='ltr'><strong>Si</strong></span> <span class='ocrx_word' id='word_1_38' title='bbox 306 925 371 970; x_wconf 90' lang='lat' dir='ltr'><strong>non</strong></span> <span class='ocrx_word' id='word_1_39' title='bbox 397 915 465 970; x_wconf 86' lang='lat' dir='ltr'><strong>tum</strong></span> <span class='ocrx_word' id='word_1_40' title='bbox 491 906 618 984; x_wconf 84' lang='lat' dir='ltr'><strong>dedero,</strong></span> <span class='ocrx_word' id='word_1_41' title='bbox 644 907 741 972; x_wconf 80' lang='lat' dir='ltr'><strong>duam</strong></span> <span class='ocrx_word' id='word_1_42' title='bbox 766 918 930 992; x_wconf 80' lang='lat' dir='ltr'><strong>praeterea</strong></span> <span class='ocrx_word' id='word_1_43' title='bbox 955 905 1064 971; x_wconf 80' lang='lat' dir='ltr'><strong>horem</strong></span> <span class='ocrx_word' id='word_1_44' title='bbox 1084 927 1125 970; x_wconf 83' lang='lat' dir='ltr'><strong>ne</strong></span> 
     </span>
     <span class='ocr_line' id='line_1_9' title="bbox 201 1000 820 1085; baseline 0.003 -22"><span class='ocrx_word' id='word_1_45' title='bbox 201 1001 204 1005; x_wconf 84' lang='grc'>’</span> <span class='ocrx_word' id='word_1_46' title='bbox 581 1000 731 1085; x_wconf 78' lang='lat' dir='ltr'><strong>oppertds</strong></span> <span class='ocrx_word' id='word_1_47' title='bbox 749 1001 820 1066; x_wconf 76' lang='lat' dir='ltr'><strong>sies.</strong></span> 
     </span>
     <span class='ocr_line' id='line_1_10' title="bbox 102 1071 1194 1182; baseline 0.005 -26"><span class='ocrx_word' id='word_1_48' title='bbox 102 1089 222 1156; x_wconf 66' lang='lat' dir='ltr'><strong>mm.</strong></span> <span class='ocrx_word' id='word_1_49' title='bbox 243 1071 430 1158; x_wconf 65' lang='lat' dir='ltr'><strong>obtundo?</strong></span> <span class='ocrx_word' id='word_1_50' title='bbox 468 1094 531 1159; x_wconf 64' lang='lat' dir='ltr'><strong>Ao.</strong></span> <span class='ocrx_word' id='word_1_51' title='bbox 558 1093 658 1159; x_wconf 74' lang='lat' dir='ltr'><strong>Haud</strong></span> <span class='ocrx_word' id='word_1_52' title='bbox 682 1095 845 1182; x_wconf 71' lang='lat' dir='ltr'><strong>iongumst</strong></span> <span class='ocrx_word' id='word_1_53' title='bbox 870 1093 904 1159; x_wconf 73' lang='lat' dir='ltr'><strong>io</strong></span> <span class='ocrx_word' id='word_1_54' title='bbox 930 1092 1015 1177; x_wconf 83' lang='lat' dir='ltr'><strong>quod</strong></span> <span class='ocrx_word' id='word_1_55' title='bbox 1043 1094 1124 1157; x_wconf 69' lang='lat' dir='ltr'><strong>omo</strong></span> <span class='ocrx_word' id='word_1_56' title='bbox 1142 1107 1194 1162; x_wconf 80' lang='lat' dir='ltr'><strong>m</strong></span> 
     </span>
     <span class='ocr_line' id='line_1_11' title="bbox 580 1187 786 1254; baseline 0.005 -1"><span class='ocrx_word' id='word_1_57' title='bbox 580 1188 690 1253; x_wconf 77' lang='lat' dir='ltr'><strong>exoret</strong></span> <span class='ocrx_word' id='word_1_58' title='bbox 709 1187 786 1254; x_wconf 82' lang='lat' dir='ltr'><strong>eine.</strong></span> 
     </span>
     <span class='ocr_line' id='line_1_12' title="bbox 243 1258 1125 1368; baseline -0.001 -24"><span class='ocrx_word' id='word_1_59' title='bbox 243 1258 332 1344; x_wconf 79' lang='lat' dir='ltr'><strong>idem</strong></span> <span class='ocrx_word' id='word_1_60' title='bbox 346 1280 398 1346; x_wconf 88' lang='lat' dir='ltr'><strong>hio</strong></span> <span class='ocrx_word' id='word_1_61' title='bbox 412 1280 480 1359; x_wconf 89' lang='lat' dir='ltr'><strong>tibi,</strong></span> <span class='ocrx_word' id='word_1_62' title='bbox 494 1281 581 1365; x_wconf 88' lang='lat' dir='ltr'><strong>quod</strong></span> <span class='ocrx_word' id='word_1_63' title='bbox 593 1281 669 1347; x_wconf 85' lang='lat' dir='ltr'><strong>bdni</strong></span> <span class='ocrx_word' id='word_1_64' title='bbox 682 1281 870 1368; x_wconf 80' lang='lat' dir='ltr'><strong>promeritus</strong></span> <span class='ocrx_word' id='word_1_65' title='bbox 883 1280 991 1359; x_wconf 78' lang='lat' dir='ltr'><strong>fieris,</strong></span> <span class='ocrx_word' id='word_1_66' title='bbox 1006 1280 1125 1346; x_wconf 83' lang='lat' dir='ltr'><strong>eondu-</strong></span> 
     </span>
     <span class='ocr_line' id='line_1_13' title="bbox 580 1376 755 1461; baseline 0 -20"><span class='ocrx_word' id='word_1_67' title='bbox 580 1376 755 1461; x_wconf 74' lang='lat' dir='ltr'><strong>piicduerit.</strong></span> 
     </span>
     <span class='ocr_line' id='line_1_14' title="bbox 157 1465 1124 1557; baseline 0.004 -27"><span class='ocrx_word' id='word_1_68' title='bbox 157 1465 225 1534; x_wconf 72' lang='lat' dir='ltr'><strong>Do.</strong></span> <span class='ocrx_word' id='word_1_69' title='bbox 242 1469 350 1535; x_wconf 69' lang='lat' dir='ltr'><strong>verba</strong></span> <span class='ocrx_word' id='word_1_70' title='bbox 370 1468 468 1535; x_wconf 79' lang='lat' dir='ltr'>istaec</span> <span class='ocrx_word' id='word_1_71' title='bbox 489 1480 572 1536; x_wconf 76' lang='lat' dir='ltr'><strong>sunt.</strong></span> <span class='ocrx_word' id='word_1_72' title='bbox 616 1470 678 1536; x_wconf 70' lang='lat' dir='ltr'><strong>An.</strong></span> <span class='ocrx_word' id='word_1_73' title='bbox 701 1470 944 1557; x_wconf 79' lang='lat' dir='ltr'><strong>Pdmphilamne</strong></span> <span class='ocrx_word' id='word_1_74' title='bbox 965 1468 1025 1535; x_wconf 80' lang='lat' dir='ltr'><strong>hae</strong></span> <span class='ocrx_word' id='word_1_75' title='bbox 1045 1467 1124 1534; x_wconf 79' lang='lat' dir='ltr'><strong>iube</strong></span> 
     </span>
     <span class='ocr_line' id='line_1_15' title="bbox 580 1564 828 1651; baseline 0 -22"><span class='ocrx_word' id='word_1_76' title='bbox 580 1564 699 1650; x_wconf 74' lang='lat' dir='ltr'><strong>priuati</strong></span> <span class='ocrx_word' id='word_1_77' title='bbox 716 1565 828 1651; x_wconf 61' lang='lat' dir='ltr'><strong>sines?</strong></span> 
     </span>
     <span class='ocr_line' id='line_1_16' title="bbox 239 1655 1125 1744; baseline 0 -24"><span class='ocrx_word' id='word_1_78' title='bbox 239 1655 1125 1744; x_wconf 78' lang='lat' dir='ltr'><strong>Timpraetereahorimoamoremdistmhipoterinpetii</strong></span> 
     </span>
     <span class='ocr_line' id='line_1_17' title="bbox 156 1748 1125 1839; baseline 0.002 -26"><span class='ocrx_word' id='word_1_79' title='bbox 156 1748 221 1814; x_wconf 86' lang='lat' dir='ltr'><strong>Do.</strong></span> <span class='ocrx_word' id='word_1_80' title='bbox 239 1750 351 1835; x_wconf 76' lang='lat' dir='ltr'><strong>Neque</strong></span> <span class='ocrx_word' id='word_1_81' title='bbox 370 1774 430 1839; x_wconf 88' lang='lat' dir='ltr'><strong>ego</strong></span> <span class='ocrx_word' id='word_1_82' title='bbox 447 1773 551 1835; x_wconf 90' lang='lat' dir='ltr'><strong>neque</strong></span> <span class='ocrx_word' id='word_1_83' title='bbox 568 1764 613 1817; x_wconf 81' lang='lat' dir='ltr'><strong>tu.</strong></span> <span class='ocrx_word' id='word_1_84' title='bbox 649 1750 710 1818; x_wconf 73' lang='lat' dir='ltr'><strong>Ge.</strong></span> <span class='ocrx_word' id='word_1_85' title='bbox 724 1751 771 1818; x_wconf 88' lang='lat' dir='ltr'><strong>Di</strong></span> <span class='ocrx_word' id='word_1_86' title='bbox 788 1753 845 1818; x_wconf 88' lang='lat' dir='ltr'><strong>tibi</strong></span> <span class='ocrx_word' id='word_1_87' title='bbox 862 1775 971 1818; x_wconf 83' lang='lat' dir='ltr'><strong>omnes</strong></span> <span class='ocrx_word' id='word_1_88' title='bbox 988 1752 1021 1816; x_wconf 88' lang='lat' dir='ltr'><strong>id</strong></span> <span class='ocrx_word' id='word_1_89' title='bbox 1038 1750 1125 1835; x_wconf 91' lang='lat' dir='ltr'><strong>quod</strong></span> 
     </span>
     <span class='ocr_line' id='line_1_18' title="bbox 579 1846 868 1933; baseline -0.003 -21"><span class='ocrx_word' id='word_1_90' title='bbox 579 1869 613 1912; x_wconf 83' lang='lat' dir='ltr'><strong>es</strong></span> <span class='ocrx_word' id='word_1_91' title='bbox 631 1846 747 1933; x_wconf 72' lang='lat' dir='ltr'><strong>dignis</strong></span> <span class='ocrx_word' id='word_1_92' title='bbox 764 1846 868 1911; x_wconf 82' lang='lat' dir='ltr'><strong>duinti</strong></span> 
     </span>
     <span class='ocr_line' id='line_1_19' title="bbox 117 1920 1192 2027; baseline 0.001 -30"><span class='ocrx_word' id='word_1_93' title='bbox 117 1953 144 1995; x_wconf 75' lang='lat'><strong>⁸5</strong></span> <span class='ocrx_word' id='word_1_94' title='bbox 158 1935 221 2001; x_wconf 89' lang='lat' dir='ltr'><strong>Do.</strong></span> <span class='ocrx_word' id='word_1_95' title='bbox 239 1920 312 2023; x_wconf 77' lang='lat' dir='ltr'><strong>Ego</strong></span> <span class='ocrx_word' id='word_1_96' title='bbox 346 1949 378 2004; x_wconf 87' lang='lat' dir='ltr'><strong>te</strong></span> <span class='ocrx_word' id='word_1_97' title='bbox 412 1939 582 2025; x_wconf 79' lang='lat' dir='ltr'><strong>compluris</strong></span> <span class='ocrx_word' id='word_1_98' title='bbox 613 1940 783 2006; x_wconf 81' lang='lat' dir='ltr'><strong>aduorsum</strong></span> <span class='ocrx_word' id='word_1_99' title='bbox 818 1940 982 2027; x_wconf 74' lang='lat' dir='ltr'><strong>ingenium</strong></span> <span class='ocrx_word' id='word_1_100' title='bbox 1016 1962 1123 2004; x_wconf 89' lang='lat' dir='ltr'><strong>meum</strong></span> <span class='ocrx_word' id='word_1_101' title='bbox 1140 1944 1192 1999; x_wconf 78' lang='lat'><strong>520</strong></span> 
     </span>
     <span class='ocr_line' id='line_1_20' title="bbox 580 2035 783 2112; baseline 0.015 -15"><span class='ocrx_word' id='word_1_102' title='bbox 580 2036 696 2099; x_wconf 78' lang='lat' dir='ltr'>mensis</span> <span class='ocrx_word' id='word_1_103' title='bbox 715 2035 783 2112; x_wconf 91' lang='lat' dir='ltr'><strong>tuli,</strong></span> 
     </span>
     <span class='ocr_line' id='line_1_21' title="bbox 239 2124 1123 2207; baseline 0.002 -17"><span class='ocrx_word' id='word_1_104' title='bbox 239 2124 470 2192; x_wconf 75' lang='lat' dir='ltr'><strong>Pollicitantem</strong></span> <span class='ocrx_word' id='word_1_105' title='bbox 486 2139 517 2193; x_wconf 84' lang='lat' dir='ltr'><strong>et</strong></span> <span class='ocrx_word' id='word_1_106' title='bbox 529 2128 573 2192; x_wconf 89' lang='lat' dir='ltr'><strong>nil</strong></span> <span class='ocrx_word' id='word_1_107' title='bbox 586 2129 750 2205; x_wconf 75' lang='lat' dir='ltr'>serentem,</span> <span class='ocrx_word' id='word_1_108' title='bbox 760 2129 886 2196; x_wconf 76' lang='lat' dir='ltr'><strong>flentem</strong></span> <span class='ocrx_word' id='word_1_109' title='bbox 891 2153 901 2207; x_wconf 82' lang='lat'>3</span> <span class='ocrx_word' id='word_1_110' title='bbox 916 2149 1001 2193; x_wconf 88' lang='lat' dir='ltr'><strong>nuno</strong></span> <span class='ocrx_word' id='word_1_111' title='bbox 1013 2138 1123 2192; x_wconf 82' lang='lat' dir='ltr'><strong>eontra</strong></span> 
     </span>
     <span class='ocr_line' id='line_1_22' title="bbox 579 2222 1185 2289; baseline 0.005 -3"><span class='ocrx_word' id='word_1_112' title='bbox 579 2222 684 2288; x_wconf 76' lang='lat' dir='ltr'><strong>omnia</strong></span> <span class='ocrx_word' id='word_1_113' title='bbox 701 2222 794 2289; x_wconf 83' lang='lat' dir='ltr'><strong>haee:</strong></span> <span class='ocrx_word' id='word_1_114' title='bbox 1183 2285 1185 2289; x_wconf 87' lang='lat'>.</span> 
     </span>
     <span class='ocr_line' id='line_1_23' title="bbox 240 2312 1122 2400; baseline 0.002 -21"><span class='ocrx_word' id='word_1_115' title='bbox 240 2312 379 2400; x_wconf 77' lang='lat' dir='ltr'><strong>Repperi</strong></span> <span class='ocrx_word' id='word_1_116' title='bbox 393 2316 447 2400; x_wconf 90' lang='lat' dir='ltr'><strong>qui</strong></span> <span class='ocrx_word' id='word_1_117' title='bbox 465 2315 519 2381; x_wconf 73' lang='lat' dir='ltr'><strong>det</strong></span> <span class='ocrx_word' id='word_1_118' title='bbox 536 2338 639 2400; x_wconf 87' lang='lat' dir='ltr'><strong>neque</strong></span> <span class='ocrx_word' id='word_1_119' title='bbox 656 2318 821 2383; x_wconf 77' lang='lat' dir='ltr'><strong>laetumet:</strong></span> <span class='ocrx_word' id='word_1_120' title='bbox 841 2318 882 2383; x_wconf 77' lang='lat' dir='ltr'><strong>dd</strong></span> <span class='ocrx_word' id='word_1_121' title='bbox 894 2317 997 2382; x_wconf 80' lang='lat' dir='ltr'><strong>locum</strong></span> <span class='ocrx_word' id='word_1_122' title='bbox 1015 2316 1122 2382; x_wconf 85' lang='lat' dir='ltr'><strong>melid-</strong></span> 
     </span>
     <span class='ocr_line' id='line_1_24' title="bbox 577 2410 675 2476; baseline 0.01 -1"><span class='ocrx_word' id='word_1_123' title='bbox 577 2410 675 2476; x_wconf 78' lang='lat' dir='ltr'><strong>ribus.</strong></span> 
     </span>
     <span class='ocr_line' id='line_1_25' title="bbox 154 2501 1121 2590; baseline 0.004 -24"><span class='ocrx_word' id='word_1_124' title='bbox 154 2501 216 2566; x_wconf 77' lang='lat' dir='ltr'><strong>Am</strong></span> <span class='ocrx_word' id='word_1_125' title='bbox 240 2501 335 2568; x_wconf 71' lang='lat' dir='ltr'><strong>Certe</strong></span> <span class='ocrx_word' id='word_1_126' title='bbox 344 2503 459 2580; x_wconf 81' lang='lat' dir='ltr'><strong>hercle,</strong></span> <span class='ocrx_word' id='word_1_127' title='bbox 473 2526 533 2590; x_wconf 86' lang='lat' dir='ltr'><strong>ego</strong></span> <span class='ocrx_word' id='word_1_128' title='bbox 543 2504 569 2568; x_wconf 82' lang='lat' dir='ltr'><strong>si</strong></span> <span class='ocrx_word' id='word_1_129' title='bbox 582 2504 658 2587; x_wconf 60' lang='lat' dir='ltr'><strong>sitio</strong></span> <span class='ocrx_word' id='word_1_130' title='bbox 672 2505 881 2582; x_wconf 82' lang='lat' dir='ltr'><strong>commemini,</strong></span> <span class='ocrx_word' id='word_1_131' title='bbox 896 2504 953 2569; x_wconf 86' lang='lat' dir='ltr'><strong>tibi</strong></span> <span class='ocrx_word' id='word_1_132' title='bbox 962 2504 1121 2590; x_wconf 81' lang='lat' dir='ltr'><strong>quidemst</strong></span> 
     </span>
     <span class='ocr_line' id='line_1_26' title="bbox 577 2599 748 2678; baseline 0 -14"><span class='ocrx_word' id='word_1_133' title='bbox 577 2599 652 2665; x_wconf 90' lang='lat' dir='ltr'><strong>olim</strong></span> <span class='ocrx_word' id='word_1_134' title='bbox 671 2599 748 2678; x_wconf 81' lang='lat' dir='ltr'><strong>dies,</strong></span> 
     </span>
     <span class='ocr_line' id='line_1_27' title="bbox 239 2690 1119 2778; baseline 0.003 -23"><span class='ocrx_word' id='word_1_135' title='bbox 239 2690 345 2771; x_wconf 78' lang='lat' dir='ltr'><strong>Quam</strong></span> <span class='ocrx_word' id='word_1_136' title='bbox 368 2692 411 2757; x_wconf 74' lang='lat' dir='ltr'><strong>dd</strong></span> <span class='ocrx_word' id='word_1_137' title='bbox 432 2692 523 2757; x_wconf 81' lang='lat' dir='ltr'><strong>dares</strong></span> <span class='ocrx_word' id='word_1_138' title='bbox 545 2691 628 2770; x_wconf 83' lang='lat' dir='ltr'><strong>hoio,</strong></span> <span class='ocrx_word' id='word_1_139' title='bbox 653 2693 847 2778; x_wconf 74' lang='lat' dir='ltr'><strong>praestituta.</strong></span> <span class='ocrx_word' id='word_1_140' title='bbox 892 2693 953 2758; x_wconf 78' lang='lat' dir='ltr'><strong>Pu.</strong></span> <span class='ocrx_word' id='word_1_141' title='bbox 974 2693 1119 2759; x_wconf 71' lang='lat' dir='ltr'><strong>Fdetum.</strong></span> 
     </span>
     <span class='ocr_line' id='line_1_28' title="bbox 576 2785 1044 2875; baseline 0.004 -24"><span class='ocrx_word' id='word_1_142' title='bbox 576 2785 642 2852; x_wconf 87' lang='lat' dir='ltr'><strong>Do.</strong></span> <span class='ocrx_word' id='word_1_143' title='bbox 659 2787 746 2852; x_wconf 89' lang='lat' dir='ltr'><strong>Num</strong></span> <span class='ocrx_word' id='word_1_144' title='bbox 764 2809 824 2875; x_wconf 82' lang='lat' dir='ltr'><strong>ego</strong></span> <span class='ocrx_word' id='word_1_145' title='bbox 841 2787 922 2852; x_wconf 79' lang='lat' dir='ltr'><strong>istdo</strong></span> <span class='ocrx_word' id='word_1_146' title='bbox 941 2789 1044 2874; x_wconf 81' lang='lat' dir='ltr'><strong>nego?</strong></span> 
     </span>
     <span class='ocr_line' id='line_1_29' title="bbox 115 2878 1188 2965; baseline 0.006 -24"><span class='ocrx_word' id='word_1_147' title='bbox 115 2894 141 2934; x_wconf 85' lang='lat'><strong>⁴0</strong></span> <span class='ocrx_word' id='word_1_148' title='bbox 155 2879 215 2944; x_wconf 73' lang='lat' dir='ltr'><strong>Ao.</strong></span> <span class='ocrx_word' id='word_1_149' title='bbox 239 2878 307 2943; x_wconf 81' lang='lat' dir='ltr'><strong>Iam</strong></span> <span class='ocrx_word' id='word_1_150' title='bbox 325 2880 363 2943; x_wconf 76' lang='lat' dir='ltr'><strong>ea</strong></span> <span class='ocrx_word' id='word_1_151' title='bbox 384 2879 562 2965; x_wconf 80' lang='lat' dir='ltr'><strong>praeteriit?</strong></span> <span class='ocrx_word' id='word_1_152' title='bbox 596 2879 661 2946; x_wconf 86' lang='lat' dir='ltr'><strong>Do.</strong></span> <span class='ocrx_word' id='word_1_153' title='bbox 678 2880 762 2959; x_wconf 82' lang='lat' dir='ltr'><strong>Non,</strong></span> <span class='ocrx_word' id='word_1_154' title='bbox 783 2902 896 2946; x_wconf 90' lang='lat' dir='ltr'><strong>uerum</strong></span> <span class='ocrx_word' id='word_1_155' title='bbox 916 2880 995 2947; x_wconf 82' lang='lat' dir='ltr'><strong>haee</strong></span> <span class='ocrx_word' id='word_1_156' title='bbox 1017 2891 1047 2947; x_wconf 78' lang='lat' dir='ltr'><strong>ei</strong></span> <span class='ocrx_word' id='word_1_157' title='bbox 1062 2884 1119 2946; x_wconf 74' lang='lat' dir='ltr'><strong>dn·</strong></span> <span class='ocrx_word' id='word_1_158' title='bbox 1136 2883 1188 2940; x_wconf 77' lang='lat'><strong>525</strong></span> 
     </span>
     <span class='ocr_line' id='line_1_30' title="bbox 576 2973 1022 3061; baseline 0.004 -23"><span class='ocrx_word' id='word_1_159' title='bbox 576 2973 710 3040; x_wconf 77' lang='lat' dir='ltr'><strong>teoessit.</strong></span> <span class='ocrx_word' id='word_1_160' title='bbox 754 2978 816 3040; x_wconf 71' lang='lat' dir='ltr'><strong>An.</strong></span> <span class='ocrx_word' id='word_1_161' title='bbox 833 2974 906 3040; x_wconf 86' lang='lat' dir='ltr'><strong>Ndn</strong></span> <span class='ocrx_word' id='word_1_162' title='bbox 922 2974 1022 3061; x_wconf 87' lang='lat' dir='ltr'><strong>pudet</strong></span> 
     </span>
     <span class='ocr_line' id='line_1_31' title="bbox 237 3065 1119 3145; baseline 0.001 -11"><span class='ocrx_word' id='word_1_163' title='bbox 237 3065 413 3134; x_wconf 70' lang='lat' dir='ltr'><strong>Vdnitotis?</strong></span> <span class='ocrx_word' id='word_1_164' title='bbox 438 3066 504 3133; x_wconf 90' lang='lat' dir='ltr'><strong>Do.</strong></span> <span class='ocrx_word' id='word_1_165' title='bbox 517 3067 672 3145; x_wconf 88' lang='lat' dir='ltr'><strong>Minume,</strong></span> <span class='ocrx_word' id='word_1_166' title='bbox 691 3068 766 3134; x_wconf 88' lang='lat' dir='ltr'><strong>dum</strong></span> <span class='ocrx_word' id='word_1_167' title='bbox 784 3067 918 3134; x_wconf 86' lang='lat' dir='ltr'><strong>obrem.</strong></span> <span class='ocrx_word' id='word_1_168' title='bbox 951 3067 1012 3136; x_wconf 72' lang='lat' dir='ltr'><strong>Gn.</strong></span> <span class='ocrx_word' id='word_1_169' title='bbox 1031 3069 1119 3137; x_wconf 74' lang='lat' dir='ltr'><strong>Ster-</strong></span> 
     </span>
     <span class='ocr_line' id='line_1_32' title="bbox 576 3162 948 3242; baseline 0.005 -15"><span class='ocrx_word' id='word_1_170' title='bbox 576 3163 724 3227; x_wconf 86' lang='lat' dir='ltr'><strong>culinum.</strong></span> <span class='ocrx_word' id='word_1_171' title='bbox 759 3163 820 3228; x_wconf 74' lang='lat' dir='ltr'><strong>Pu.</strong></span> <span class='ocrx_word' id='word_1_172' title='bbox 838 3162 948 3242; x_wconf 81' lang='lat' dir='ltr'><strong>Ddrio,</strong></span> 
     </span>
     <span class='ocr_line' id='line_1_33' title="bbox 237 3234 1117 3342; baseline 0.007 -24"><span class='ocrx_word' id='word_1_173' title='bbox 237 3234 329 3320; x_wconf 79' lang='lat' dir='ltr'><strong>itane</strong></span> <span class='ocrx_word' id='word_1_174' title='bbox 350 3254 478 3320; x_wconf 77' lang='lat' dir='ltr'><strong>tandem</strong></span> <span class='ocrx_word' id='word_1_175' title='bbox 500 3256 604 3321; x_wconf 79' lang='lat' dir='ltr'><strong>fdoere</strong></span> <span class='ocrx_word' id='word_1_176' title='bbox 626 3258 768 3342; x_wconf 75' lang='lat' dir='ltr'><strong>oportet?</strong></span> <span class='ocrx_word' id='word_1_177' title='bbox 810 3255 874 3323; x_wconf 92' lang='lat' dir='ltr'><strong>Do.</strong></span> <span class='ocrx_word' id='word_1_178' title='bbox 903 3256 958 3324; x_wconf 77' lang='lat' dir='ltr'><strong>sic</strong></span> <span class='ocrx_word' id='word_1_179' title='bbox 979 3281 1064 3323; x_wconf 83' lang='lat' dir='ltr'><strong>sum:</strong></span> <span class='ocrx_word' id='word_1_180' title='bbox 1089 3259 1117 3324; x_wconf 79' lang='lat' dir='ltr'><strong>si</strong></span> 
     </span>
     <span class='ocr_line' id='line_1_34' title="bbox 575 3350 810 3435; baseline 0.013 -21"><span class='ocrx_word' id='word_1_181' title='bbox 575 3350 694 3435; x_wconf 80' lang='lat' dir='ltr'><strong>placeo,</strong></span> <span class='ocrx_word' id='word_1_182' title='bbox 712 3351 810 3417; x_wconf 77' lang='lat' dir='ltr'><strong>itere.</strong></span> 
     </span>
     <span class='ocr_line' id='line_1_35' title="bbox 153 3427 1117 3534; baseline 0.007 -28"><span class='ocrx_word' id='word_1_183' title='bbox 153 3443 214 3506; x_wconf 72' lang='lat' dir='ltr'><strong>Ao.</strong></span> <span class='ocrx_word' id='word_1_184' title='bbox 237 3440 293 3508; x_wconf 84' lang='lat' dir='ltr'><strong>Sic</strong></span> <span class='ocrx_word' id='word_1_185' title='bbox 306 3443 390 3507; x_wconf 88' lang='lat' dir='ltr'><strong>huno</strong></span> <span class='ocrx_word' id='word_1_186' title='bbox 404 3443 541 3530; x_wconf 80' lang='lat' dir='ltr'><strong>decipis?</strong></span> <span class='ocrx_word' id='word_1_187' title='bbox 566 3443 631 3510; x_wconf 90' lang='lat' dir='ltr'><strong>Do.</strong></span> <span class='ocrx_word' id='word_1_188' title='bbox 644 3445 748 3509; x_wconf 90' lang='lat' dir='ltr'><strong>Immo</strong></span> <span class='ocrx_word' id='word_1_189' title='bbox 761 3445 844 3510; x_wconf 90' lang='lat' dir='ltr'><strong>enim</strong></span> <span class='ocrx_word' id='word_1_190' title='bbox 858 3467 945 3525; x_wconf 87' lang='lat' dir='ltr'><strong>uero,</strong></span> <span class='ocrx_word' id='word_1_191' title='bbox 962 3427 1117 3534; x_wconf 64' lang='lat' dir='ltr'><strong>Antipho,</strong></span> 
     </span>
     <span class='ocr_line' id='line_1_36' title="bbox 574 3538 842 3625; baseline 0.004 -22"><span class='ocrx_word' id='word_1_192' title='bbox 574 3538 626 3604; x_wconf 86' lang='lat' dir='ltr'><strong>hio</strong></span> <span class='ocrx_word' id='word_1_193' title='bbox 643 3562 694 3604; x_wconf 94' lang='lat' dir='ltr'><strong>me</strong></span> <span class='ocrx_word' id='word_1_194' title='bbox 711 3539 842 3625; x_wconf 71' lang='lat' dir='ltr'><strong>decipite</strong></span> 
     </span>
     <span class='ocr_line' id='line_1_37' title="bbox 237 3629 1117 3720; baseline 0.01 -27"><span class='ocrx_word' id='word_1_195' title='bbox 237 3629 320 3694; x_wconf 88' lang='lat' dir='ltr'><strong>Nam</strong></span> <span class='ocrx_word' id='word_1_196' title='bbox 343 3630 394 3696; x_wconf 88' lang='lat' dir='ltr'><strong>hio</strong></span> <span class='ocrx_word' id='word_1_197' title='bbox 415 3654 467 3697; x_wconf 93' lang='lat' dir='ltr'><strong>me</strong></span> <span class='ocrx_word' id='word_1_198' title='bbox 489 3631 581 3696; x_wconf 87' lang='lat' dir='ltr'><strong>huius</strong></span> <span class='ocrx_word' id='word_1_199' title='bbox 608 3633 694 3697; x_wconf 89' lang='lat' dir='ltr'><strong>modi</strong></span> <span class='ocrx_word' id='word_1_200' title='bbox 715 3633 815 3698; x_wconf 76' lang='lat' dir='ltr'><strong>scibat</strong></span> <span class='ocrx_word' id='word_1_201' title='bbox 841 3655 920 3710; x_wconf 83' lang='lat' dir='ltr'><strong>esse,</strong></span> <span class='ocrx_word' id='word_1_202' title='bbox 947 3656 1007 3720; x_wconf 82' lang='lat' dir='ltr'><strong>ego</strong></span> <span class='ocrx_word' id='word_1_203' title='bbox 1033 3635 1117 3702; x_wconf 82' lang='lat' dir='ltr'><strong>himo</strong></span> 
     </span>
     <span class='ocr_line' id='line_1_38' title="bbox 576 3727 901 3805; baseline 0 -13"><span class='ocrx_word' id='word_1_204' title='bbox 576 3749 645 3792; x_wconf 78' lang='lat' dir='ltr'><strong>esse</strong></span> <span class='ocrx_word' id='word_1_205' title='bbox 663 3727 752 3792; x_wconf 79' lang='lat' dir='ltr'><strong>aliter</strong></span> <span class='ocrx_word' id='word_1_206' title='bbox 769 3727 901 3805; x_wconf 77' lang='lat' dir='ltr'><strong>eredidi3</strong></span> 
     </span>
     <span class='ocr_line' id='line_1_39' title="bbox 113 3797 1268 3906; baseline 0.016 -31"><span class='ocrx_word' id='word_1_207' title='bbox 113 3833 140 3875; x_wconf 61' lang='grc' dir='ltr'><strong>ιε)</strong></span> <span class='ocrx_word' id='word_1_208' title='bbox 237 3797 303 3882; x_wconf 75' lang='lat' dir='ltr'><strong>iste</strong></span> <span class='ocrx_word' id='word_1_209' title='bbox 320 3839 371 3882; x_wconf 88' lang='lat' dir='ltr'><strong>me</strong></span> <span class='ocrx_word' id='word_1_210' title='bbox 389 3818 515 3895; x_wconf 75' lang='lat' dir='ltr'><strong>fefellit,</strong></span> <span class='ocrx_word' id='word_1_211' title='bbox 533 3842 593 3906; x_wconf 85' lang='lat' dir='ltr'><strong>ego</strong></span> <span class='ocrx_word' id='word_1_212' title='bbox 610 3819 661 3885; x_wconf 82' lang='lat' dir='ltr'><strong>isti</strong></span> <span class='ocrx_word' id='word_1_213' title='bbox 679 3821 742 3884; x_wconf 86' lang='lat' dir='ltr'><strong>nilo</strong></span> <span class='ocrx_word' id='word_1_214' title='bbox 764 3843 835 3885; x_wconf 85' lang='lat' dir='ltr'><strong>sum</strong></span> <span class='ocrx_word' id='word_1_215' title='bbox 852 3822 942 3887; x_wconf 79' lang='lat' dir='ltr'><strong>aliter</strong></span> <span class='ocrx_word' id='word_1_216' title='bbox 957 3825 995 3888; x_wconf 72' lang='lat' dir='ltr'><strong>de</strong></span> <span class='ocrx_word' id='word_1_217' title='bbox 1012 3823 1068 3889; x_wconf 87' lang='lat' dir='ltr'><strong>fui.</strong></span> <span class='ocrx_word' id='word_1_218' title='bbox 1133 3836 1185 3894; x_wconf 77' lang='lat'><strong>530</strong></span> <span class='ocrx_word' id='word_1_219' title='bbox 1265 3874 1268 3882; x_wconf 89' lang='lat'>-</span> 
     </span>
     <span class='ocr_line' id='line_1_40' title="bbox 238 3909 1116 3990; baseline 0.008 -14"><span class='ocrx_word' id='word_1_220' title='bbox 238 3909 304 3976; x_wconf 75' lang='lat' dir='ltr'><strong>Sed</strong></span> <span class='ocrx_word' id='word_1_221' title='bbox 330 3922 365 3977; x_wconf 91' lang='lat' dir='ltr'><strong>ut</strong></span> <span class='ocrx_word' id='word_1_222' title='bbox 390 3923 427 3977; x_wconf 88' lang='lat' dir='ltr'><strong>ut</strong></span> <span class='ocrx_word' id='word_1_223' title='bbox 452 3911 531 3979; x_wconf 83' lang='lat' dir='ltr'><strong>haee</strong></span> <span class='ocrx_word' id='word_1_224' title='bbox 557 3909 651 3990; x_wconf 69' lang='lat' dir='ltr'><strong>eunt‚&#39;</strong></span> <span class='ocrx_word' id='word_1_225' title='bbox 671 3917 777 3979; x_wconf 71' lang='lat' dir='ltr'><strong>timeo</strong></span> <span class='ocrx_word' id='word_1_226' title='bbox 802 3913 863 3979; x_wconf 89' lang='lat' dir='ltr'><strong>hoo</strong></span> <span class='ocrx_word' id='word_1_227' title='bbox 889 3915 1017 3982; x_wconf 77' lang='lat' dir='ltr'><strong>sociam:</strong></span> <span class='ocrx_word' id='word_1_228' title='bbox 1048 3921 1116 3984; x_wconf 78' lang='lat' dir='ltr'><strong>oris</strong></span> 
     </span>
     <span class='ocr_line' id='line_1_41' title="bbox 574 4009 944 4094; baseline 0.003 -22"><span class='ocrx_word' id='word_1_229' title='bbox 574 4030 667 4072; x_wconf 80' lang='lat' dir='ltr'><strong>mane</strong></span> <span class='ocrx_word' id='word_1_230' title='bbox 685 4009 849 4094; x_wconf 75' lang='lat' dir='ltr'><strong>argentim</strong></span> <span class='ocrx_word' id='word_1_231' title='bbox 867 4009 944 4073; x_wconf 92' lang='lat' dir='ltr'><strong>mihi</strong></span> 
     </span>
    </p>
   </div>
   <div class='ocr_carea' id='block_1_3' title="bbox 0 0 1306 4432">
    <p class='ocr_par' dir='ltr' id='par_1_3' title="bbox 0 0 1306 4432">
     <span class='ocr_line' id='line_1_42' title="bbox 0 0 1306 4432; baseline 0 2"><span class='ocrx_word' id='word_1_232' title='bbox 0 0 1306 4432; x_wconf 95' lang='lat' dir='ltr'><strong> </strong></span> 
     </span>
    </p>
   </div>
  </div>
 </body>
</html>
