2602 4432
183 219 247 287 248
567 237 776 296 sumruou
1121 254 1125 263 ·
1150 241 1214 310 ιω

182 358 245 424 Aa.
268 359 343 445 Age
368 357 486 444 inepte,
513 361 605 445 quasi
630 383 716 426 nuno
741 362 806 428 non
831 362 973 430 norimus
996 366 1058 431 nos
1080 365 1167 430 inter

606 477 676 533 nos,
695 453 859 543 Ctesipho.

267 548 340 613 Hoo
357 547 434 612 mihi
452 548 548 627 dolet,
566 570 624 614 nos
642 552 712 615 sero
729 551 859 616 rescissa
876 553 909 616 et
925 575 989 618 rem
1003 575 1114 638 paene
1132 553 1166 617 in

607 645 680 709 erim
697 644 803 710 looum

266 731 412 813 Redisse,
437 745 475 800 ut
500 736 527 801 si
552 757 663 803 omnes
690 738 843 823 cuperent
868 738 927 803 tibi
952 740 999 806 nil
1027 741 1167 827 possent

606 831 794 897 auxiliarier.

181 919 240 987 Cr.
265 921 426 990 Pudebat.
450 924 533 989 ·Au.
559 924 626 1002 Ah,
648 926 810 991 stultitiast
829 926 937 1002 istaec,
959 927 1025 992 non
1043 927 1164 1013 pudor.
1178 943 1204 983 1⁰

605 1029 670 1083 tam
687 1019 730 1083 ob
747 1019 913 1105 paruolam

110 1117 162 1172 2⁷5
265 1110 349 1176 Rem
365 1111 467 1197 paene
485 1133 503 1177 e
520 1111 636 1197 patria!
655 1114 746 1198 turpe
764 1113 861 1179 dioto.
884 1114 962 1178 deos
980 1135 1107 1198 quaeso
1126 1122 1166 1178 ut

604 1206 703 1271 istaec
719 1206 917 1292 prohibeant.

179 1296 238 1366 Or.
264 1299 412 1363 Peccaui.
459 1300 522 1363 Au.
553 1297 641 1380 Quid
668 1310 711 1364 ait
736 1301 864 1365 tandem
890 1300 984 1366 nobis
1012 1298 1164 1366 sannio?

606 1392 662 1458 Sr.
684 1394 754 1458 Iam
772 1395 856 1459 mitis
875 1405 932 1460 est.

177 1488 241 1552 Aa
263 1486 336 1572 Ego
353 1485 397 1550 ad
418 1485 523 1551 forum
540 1484 604 1564 ibo,
626 1499 663 1551 ut
679 1487 764 1552 hr'mo
782 1488 962 1566 absoluam3
985 1499 1022 1552 tu
1039 1490 1054 1552 ι’
1069 1489 1162 1552 intro

604 1580 647 1645 ad
662 1581 760 1656 illam,
779 1579 943 1668 Ctesipho.

178 1672 235 1739 Ss.
263 1670 356 1757 Syre,
373 1675 465 1738 insta.
497 1670 553 1738 Sr.
571 1672 693 1739 Eamus
698 1700 708 1751 ;
725 1679 864 1759 nomque
882 1676 934 1740 hio
950 1686 1106 1762 properat
1123 1677 1161 1740 in

602 1766 756 1853 Cyprum.
779 1766 836 1834 Ss.
848 1769 922 1833 Noa
934 1769 1159 1853 &mquidem

262 1860 369 1942 Quam
391 1861 455 1926 uis:
477 1860 574 1926 etiam
597 1883 711 1926 maneo
731 1862 850 1927 otiosus
871 1862 933 1928 hio.
978 1861 1036 1928 Sr.
1064 1863 1199 1928 Rea-a

602 1955 708 2020 detur:
726 1957 767 2020 ne
784 1956 870 2021 time.

106 2063 160 2118 280
176 2047 233 2115 Sa.
260 2050 306 2113 At
323 2060 360 2112 ut
372 2049 464 2112 omne
477 2047 598 2113 reddat.
630 2047 686 2114 Sr.
705 2028 812 2113 Omne
826 2049 951 2126 reddet3
968 2051 1040 2114 taos
1052 2050 1158 2115 modo

600 2163 778 2225 assequere
787 2142 857 2207 hac.
876 2141 932 2209 Ss.
943 2142 1082 2225 Sequor.
1098 2181 1145 2190 -

176 2234 234 2303 Gr.
259 2237 352 2302 Heus
375 2235 465 2312 heus,
488 2232 580 2320 Syre.
621 2233 678 2301 Sr.
700 2235 789 2315 Quid
810 2237 878 2300 est?
916 2233 975 2300 Or.
999 2215 1155 2302 Obsecro

599 2338 631 2392 te
652 2328 773 2405 herole,
798 2329 957 2394 hominem
977 2329 1080 2394 istum
1099 2330 1156 2396 in·

599 2424 814 2506 purissumum

259 2516 366 2598 Quam
384 2518 520 2602 prImum
538 2515 736 2591 absoluitdte,
758 2538 809 2591 ne,
832 2516 981 2601 simogie
997 2516 1154 2584 inritatus

597 2609 667 2685 siet,

258 2703 380 2789 Aliqua
399 2703 442 2768 ad
463 2713 587 2788 patrem
607 2702 669 2767 hoo
689 2704 854 2788 permanet
874 2712 972 2785 atque
990 2724 1054 2787 ego
1076 2704 1153 2770 tt'rm

595 2807 750 2882 perpetuo
766 2795 923 2880 perierim.

172 2891 228 2959 Sr.
254 2892 328 2956 Nou
346 2891 413 2968 fiet,
431 2891 516 2956 bono
532 2890 639 2955 animo
655 2893 706 2953 es:
723 2900 759 2952 tu
776 2911 849 2952 oum
865 2889 921 2953 illa
936 2902 969 2954 te
980 2890 1070 2955 intus
1087 2893 1153 2957 ob-
1164 2914 1195 2955 aa

593 2984 677 3048 leota
691 2982 818 3047 interim

255 3078 300 3142 Et
317 3078 450 3144 lectulos
467 3078 542 3143 iube
560 3077 658 3142 sterni
675 3076 767 3140 nobis
784 3079 817 3140 et
832 3076 938 3161 parari
955 3077 1074 3142 uetera.

254 3172 327 3257 Ego
343 3173 408 3235 iam
423 3184 584 3237 transacta
599 3174 634 3235 re
651 3181 836 3234 oouuortam
852 3173 904 3233 me
921 3170 1054 3235 domum
1067 3194 1151 3239 oum

593 3263 735 3327 obsonio.

175 3348 233 3415 Or.
261 3349 311 3413 Ita
326 3353 454 3433 quaeso.
492 3354 620 3435 quando
637 3354 698 3418 hoo
719 3354 799 3417 bene
819 3359 981 3433 sumserit,
1002 3360 1145 3431 hilarem

591 3446 678 3511 huno
693 3445 857 3509 sumamus
873 3444 969 3508 diem.

545 3759 759 3775 ιιι-*-
