2602 4432
99 247 167 320 Μ
397 245 586 307 HEAVTON
602 242 880 305 TIMORVMENOS
1079 226 1120 296 97

168 464 404 531 Mnannanvs
448 465 623 534 Canauna
666 463 858 530 Sosrasra
902 461 1082 529 Cnrrmsro

239 571 331 617 sanas
528 574 550 614 11
712 573 827 615 nvnma
898 568 1092 614 mesenas

100 651 220 723 Vaan.
239 637 335 717 Enim
350 676 426 720 uero
437 652 590 719 Chremes
599 652 693 716 nimis
703 652 843 738 grauiter
852 649 970 716 orhoiat
980 649 1105 713 adules-
1123 651 1191 708 1045

581 746 743 811 centulum

237 840 403 924 Nimisque
425 840 612 905 inhumanat
640 840 718 904 exeo
741 861 817 924 ergo
840 850 876 903 ut
897 841 1008 923 peoem
1030 857 1105 902 oon-

579 933 692 998 oiliem.
728 931 857 1018 eptume

237 1007 330 1113 lpsos
347 1027 451 1093 uideo.
495 1026 553 1094 Cn.
581 1025 696 1103 Ehem,
718 1025 920 1103 Menedeme,
943 1025 1021 1109 quer
1042 1046 1106 1088 non

579 1121 698 1185 accersi
714 1119 804 1184 iubes

238 1213 353 1280 Filiam
376 1225 408 1280 et
429 1215 515 1299 quod
539 1214 619 1279 detis
642 1213 708 1278 dixi
725 1212 854 1277 firmas?
897 1210 952 1276 So.
979 1209 1029 1274 Mi
1046 1210 1105 1287 uir,

578 1319 609 1373 te
626 1307 757 1373 obsecro

237 1400 288 1467 Ne
297 1401 406 1467 facias.
426 1401 481 1468 Cn.
496 1402 603 1480 Pater,
613 1402 744 1466 ebsecro
753 1399 797 1465 mi
805 1399 958 1487 ignescas.
975 1398 1042 1463 Mn.
1051 1397 1106 1461 Da

578 1495 716 1572 ueniam,
735 1494 902 1562 Chremes:

239 1589 317 1656 Sine
339 1602 370 1656 te
396 1601 534 1657 exorent.
580 1588 642 1655 Cn.
668 1590 747 1654 Mea
768 1590 851 1654 bona
873 1599 909 1652 nt
930 1588 1002 1653 dem
1023 1588 1192 1652 Bao-1050

579 1684 663 1748 ohidi
680 1683 764 1749 done
782 1683 903 1748 sciens?

238 1779 312 1845 Nen
326 1779 451 1844 faciam.
477 1778 546 1843 Mn.
564 1779 611 1843 At
623 1778 656 1842 id
669 1799 727 1842 nos
741 1777 806 1843 nen
819 1777 968 1842 sinemus.
997 1774 1054 1841 Cr..
1070 1774 1107 1841 Si

577 1894 629 1938 me
646 1873 756 1936 uiuom
773 1873 833 1949 uis,
851 1881 951 1957 pater,

238 1948 394 2055 lgnosce.
438 1965 494 2032 So.
526 1968 615 2053 Age,
643 1964 797 2031 Chremes
823 1964 876 2029 mi.
927 1963 996 2029 Mn.
1031 1965 1106 2049 Age

577 2081 710 2144 quaeso,
741 2061 781 2124 ne
812 2069 878 2124 tam
909 2057 1033 2122 offirma
1063 2059 1105 2133 te,

577 2151 740 2219 Chremes.

155 2246 216 2313 Cn.
243 2247 331 2329 Quid
352 2249 442 2313 istic?
467 2248 561 2314 uideo
583 2247 647 2313 nen
672 2248 767 2313 licere
792 2257 829 2311 ut
854 2248 1020 2332 coeperam
1046 2243 1106 2310 hoo

576 2341 772 2427 pertendere.

116 2454 142 2495 ιο
154 2434 222 2499 Mn.
239 2434 344 2514 Facis,
358 2447 395 2500 ut
408 2446 440 2501 te
453 2436 553 2501 decet.
586 2433 645 2500 Cn.
664 2434 715 2500 Ea
727 2435 798 2522 lege
812 2433 872 2498 hoo
885 2433 965 2498 adeo
978 2432 1104 2509 faciam,

578 2531 605 2594 sl
622 2530 698 2595 facit

240 2622 337 2705 Qued
363 2645 424 2711 ego
450 2624 535 2689 huno
561 2645 696 2708 aequom
727 2625 850 2688 censeo.
905 2621 963 2687 Cn.
997 2620 1104 2698 Pater,
1123 2628 1191 2683 1055

579 2718 685 2784 emnia
702 2717 831 2783 faciamz
848 2718 978 2802 impera.

157 2810 216 2877 Cn.
242 2791 383 2878 onrem
409 2824 445 2878 ut
471 2813 579 2878 duoes.
638 2811 695 2877 Cn.
731 2811 828 2876 Pater
851 2810 906 2875 ..l
960 2808 1020 2874 Cn.
1052 2808 1106 2874 Nil

579 2905 683 2970 aadio.
728 2903 784 2970 So.
807 2905 862 2967 Ad
879 2926 931 2968 me
948 2903 1079 2987 recipio:

240 2999 359 3064 Feoiet.
396 2997 457 3064 Cn.
482 2997 538 3064 Nil
556 3000 650 3065 etiam
667 2999 761 3063 aridio
773 2998 888 3083 ipsum.
924 2995 982 3062 Cn.
1008 2997 1104 3062 Perii.

581 3092 637 3159 So.
664 3095 719 3157 An
737 3092 874 3168 dubitas,
893 3089 1053 3177 Clitipho?

156 3187 216 3254 Cn.
243 3168 345 3252 lmmo
359 3198 465 3252 utrum
480 3187 557 3253 uolt.
590 3186 646 3254 So.
663 3186 774 3251 Feoiet
787 3186 902 3250 omnia.
928 3185 997 3250 Mn.
1014 3186 1106 3250 Haeo

580 3281 656 3346 dum
673 3280 815 3366 incipias,
834 3279 945 3366 grauia
962 3290 1046 3358 aunt,

117 3393 143 3436 1⁶
240 3376 391 3460 Diamque
408 3375 549 3461 ignores3
567 3376 623 3462 irbi
640 3375 794 3463 cognoris,
813 3374 927 3441 leoilia.
964 3372 1021 3440 Cr..
1043 3375 1071 3439 F
1073 3397 1107 3438 a·

579 3470 671 3548 ciem,
689 3480 788 3556 pater.

157 3562 213 3631 So.
241 3563 347 3630 Gnete
364 3565 419 3643 mi,
437 3587 497 3652 ego
511 3565 564 3650 pol
578 3565 634 3629 tibi
648 3564 730 3629 dabo
744 3563 830 3627 illam
843 3562 991 3650 lepidam,
1010 3585 1107 3647 quam
1124 3568 1192 3624 1060

578 3670 614 3723 tu
630 3657 723 3723 facile
741 3680 842 3733 ames,

240 3752 355 3818 Filiam
372 3752 592 3818 Phaneoratae
610 3752 717 3817 nostri.
754 3749 811 3816 Cn.
842 3750 1002 3817 Rhfamne
1020 3751 1106 3815 illam

580 3847 746 3933 uirginem,

242 3938 399 4017 Caesiam,
418 3961 528 4026 sparso
546 3939 611 4019 ere,
629 3941 752 4006 adunco
769 3940 866 4005 naso?
887 3961 952 4005 non
968 3939 1107 4025 possiam,

580 4046 679 4120 pater.

210 4135 327 4180 Tomitas.
937 4133 954 4195 ’ζ
