2602 4432
176 204 237 286 172
571 224 749 289 euenum*
1069 232 1127 303 111,
1138 229 1199 290 es

258 357 354 422 Miles
381 354 457 422 dure
483 378 517 422 se
544 355 636 419 dixit:
664 355 690 419 si
715 352 793 420 mihi
819 354 904 440 prior
928 362 964 419 tu
990 355 1143 434 attuleris,

596 448 766 526 Phaedria,

258 543 336 609 Met
356 545 427 631 lege
448 555 528 621 utar,
554 543 590 607 rit
611 542 715 628 potior
740 542 790 619 sit,
817 543 872 626 qui
893 541 978 628 prior
1000 543 1041 607 ad
1064 544 1143 609 den·

546 662 549 685 ³
595 637 713 702 dirmst«
739 638 820 704 uale.

328 902 551 968 Pusunrrs
611 903 803 968 Attumne
865 900 981 968 Gens

325 1016 556 1062 snmsseunrus
695 1019 717 1059 11
867 1017 979 1062 suevos

172 1108 231 1173 ΡΗ.
255 1105 342 1189 Quid
368 1106 503 1171 faeiem?
532 1104 616 1171 unde
643 1127 703 1191 ego
728 1105 814 1169 nune
839 1115 907 1169 tum
930 1105 1034 1170 subito
1057 1103 1197 1181 huiems

593 1199 759 1285 ingentum
776 1199 937 1264 inuenit-m
954 1199 1059 1275 miser,

103 1310 155 1365 535
257 1293 343 1375 Quoi
369 1293 473 1357 minus
499 1292 647 1357 nihilost?
672 1292 772 1377 qudd,
800 1291 851 1358 hie
876 1293 904 1358 si
928 1304 1003 1378 pote
1029 1293 1141 1358 fuisset

596 1386 754 1453 exoririer

256 1480 410 1545 Triduom
427 1478 497 1557 hoe,
514 1482 704 1565 promissum
721 1480 834 1546 fuerat.
869 1482 931 1545 Au.
946 1459 1038 1545 itane
1054 1480 1141 1546 hune

463 1640 467 1648 ,
594 1575 759 1660 patiemur,
778 1571 872 1650 Geta,

256 1667 341 1733 Fieri
359 1667 518 1745 miserum,
540 1669 595 1752 qui
617 1690 668 1733 me
685 1667 815 1745 dudum,
837 1678 873 1732 ut
895 1667 984 1746 dixti,
1005 1666 1140 1734 adiuerit

595 1761 741 1826 edmiter?

255 1853 343 1935 Quin
360 1874 457 1937 quom
475 1871 578 1941 opust,
596 1853 788 1920 beneficium
806 1877 932 1920 rursum
951 1863 981 1920 ei
997 1854 1139 1941 experie·
1166 1873 1181 1915 e

593 1971 665 2013 mur
682 1947 832 2014 reddere?

171 2041 232 2109 Gn.
256 2041 330 2108 Seio
349 2040 495 2125 equidem
514 2041 575 2108 hoe
592 2064 661 2107 esse
682 2044 827 2126 aequom.
872 2043 933 2106 Au.
954 2043 1029 2128 Age
1050 2065 1138 2129 ergo,

593 2136 679 2202 stilus
697 2159 824 2202 seruare
842 2136 927 2202 himo
943 2149 1043 2222 potes.

101 2231 153 2287 540
172 2230 232 2298 Gn.
256 2230 344 2312 Quid
356 2229 491 2296 faeiem?
508 2231 571 2296 An.
581 2230 731 2296 Inueuieis
745 2243 921 2317 argentum.
946 2229 1007 2296 Gn.
1018 2229 1138 2318 Cirpi03

412 2408 416 2418 1
593 2325 649 2390 sed
666 2324 699 2388 id
716 2325 811 2403 unde,
829 2316 940 2390 ddoees

169 2421 231 2484 An.
253 2419 351 2485 Peter
368 2419 457 2485 adest
474 2418 535 2484 hie.
580 2417 642 2485 Gn.
662 2417 751 2497 Sei03
775 2419 830 2485 sed
854 2419 932 2503 quid
953 2421 1040 2485 tum?
1074 2421 1138 2487 Au.

459 2588 461 2592 ,
592 2514 658 2590 Ah,
676 2514 795 2578 dietum
813 2514 948 2600 sapienti
964 2524 1014 2579 set
1031 2526 1088 2580 est.

170 2608 232 2677 Gn.
254 2589 364 2675 itane?
389 2609 451 2673 An.
467 2609 526 2674 Ita.
553 2606 616 2676 Gn.
633 2607 720 2675 Sane
737 2609 842 2674 hercle
859 2608 990 2694 pulchre
1008 2609 1136 2675 sutdes:

594 2703 688 2768 etiam
706 2713 742 2768 tu
760 2703 833 2768 hine
849 2702 937 2767 abis?

252 2797 325 2863 Ndu
351 2796 525 2882 triumphe,
554 2819 593 2861 ex
619 2797 737 2882 nuptiis
763 2797 826 2863 tuis
852 2797 880 2861 si
905 2797 949 2861 nil
974 2797 1138 2864 naneisedr
1152 2819 1180 2861 rs

591 2891 676 2967 mali,

253 2986 296 3053 Ni
313 2984 409 3052 etiam
425 3007 511 3050 nune
527 3008 579 3050 me
596 2985 691 3050 huius
713 2985 809 3050 cauea
826 3007 977 3069 quaerere
998 2986 1031 3050 in
1054 2988 1138 3053 malo

240 3119 242 3123 .
593 3079 703 3145 iubetis
722 3080 865 3144 emnem?

100 3180 152 3237 545
169 3179 230 3242 Au.
253 3176 374 3243 Verum
401 3173 453 3240 hie
476 3173 560 3239 dieit.
603 3173 664 3239 Pu.
691 3172 798 3254 Quid?
825 3195 885 3258 ego
911 3173 1013 3250 uobis,
1041 3172 1138 3253 Geta,

591 3269 712 3333 alienus
730 3268 819 3331 sum?
849 3265 909 3333 Gn.
927 3266 1025 3332 Hand
1042 3282 1137 3353 put03

254 3363 319 3430 Sed
336 3384 490 3448 parumne
508 3372 564 3441 est,
587 3362 673 3447 quod
694 3361 840 3448 dmnibus
857 3383 942 3426 nune
960 3360 1049 3425 ndbis
1068 3385 1138 3428 sus·

591 3458 699 3521 censet
716 3477 822 3533 senex,

252 3551 296 3617 Ni
316 3550 503 3637 instigemus
522 3550 627 3628 etiam,
649 3561 686 3614 ut
707 3548 812 3614 nullus
834 3548 921 3613 ldeus
943 3548 1139 3633 relinquatur

613 3644 696 3708 reni?

167 3741 226 3806 Pu.
248 3720 343 3806 tilius
368 3738 410 3804 ab
437 3738 535 3803 oeulis
561 3665 638 3802 miiis
664 3737 751 3801 illam
777 3737 810 3801 iu
834 3738 979 3823 ignotum
1001 3736 1138 3802 abducet
1152 3756 1179 3798 re

590 3831 716 3896 locum?
737 3830 825 3896 hem:

250 3927 335 3993 Tum
352 3926 458 4017 igitur,
481 3925 557 3991 dum
575 3925 648 3991 lieet
666 3925 804 4009 dumque
827 3924 949 4003 adsum,
972 3923 1137 4009 idquimini

588 4042 727 4097 meeum,
750 4000 905 4114 Antipho,
