<?xml version="1.0" encoding="UTF-8"?>
<!DOCTYPE html PUBLIC "-//W3C//DTD XHTML 1.0 Transitional//EN"
    "http://www.w3.org/TR/xhtml1/DTD/xhtml1-transitional.dtd">
<html xmlns="http://www.w3.org/1999/xhtml" xml:lang="en" lang="en">
 <head>
  <title>
</title>
<meta http-equiv="Content-Type" content="text/html;charset=utf-8" />
  <meta name='ocr-system' content='tesseract 3.04.00' />
  <meta name='ocr-capabilities' content='ocr_page ocr_carea ocr_par ocr_line ocrx_word'/>
</head>
<body>
  <div class='ocr_page' id='page_1' title='image "./comoediae00lindgoog_0076.png"; bbox 0 0 2602 4432; ppageno 0'>
   <div class='ocr_carea' id='block_1_1' title="bbox 570 232 1125 308">
    <p class='ocr_par' dir='ltr' id='par_1_1' title="bbox 570 232 1125 308">
     <span class='ocr_line' id='line_1_1' title="bbox 570 232 1125 308; baseline -0.013 -1"><span class='ocrx_word' id='word_1_1' title='bbox 570 245 721 308; x_wconf 77' lang='lat' dir='ltr'><strong>sunam</strong></span> <span class='ocrx_word' id='word_1_2' title='bbox 1082 232 1125 301; x_wconf 81' lang='lat'><strong>31</strong></span> 
     </span>
    </p>
   </div>
   <div class='ocr_carea' id='block_1_2' title="bbox 120 368 1203 4025">
    <p class='ocr_par' dir='ltr' id='par_1_2' title="bbox 120 368 1203 4025">
     <span class='ocr_line' id='line_1_2' title="bbox 242 368 1126 453; baseline -0.003 -12"><span class='ocrx_word' id='word_1_3' title='bbox 242 376 383 441; x_wconf 83' lang='lat' dir='ltr'><strong>Fuerent</strong></span> <span class='ocrx_word' id='word_1_4' title='bbox 399 368 535 453; x_wconf 68' lang='lat' dir='ltr'><strong>futurae,</strong></span> <span class='ocrx_word' id='word_1_5' title='bbox 553 374 643 440; x_wconf 86' lang='lat' dir='ltr'><strong>h&#39;ant.</strong></span> <span class='ocrx_word' id='word_1_6' title='bbox 688 369 748 439; x_wconf 70' lang='lat' dir='ltr'><strong>ca</strong></span> <span class='ocrx_word' id='word_1_7' title='bbox 770 368 840 451; x_wconf 72' lang='lat' dir='ltr'><strong>Ab,</strong></span> <span class='ocrx_word' id='word_1_8' title='bbox 854 395 895 439; x_wconf 91' lang='lat' dir='ltr'><strong>ne</strong></span> <span class='ocrx_word' id='word_1_9' title='bbox 912 370 963 439; x_wconf 85' lang='lat' dir='ltr'><strong>me</strong></span> <span class='ocrx_word' id='word_1_10' title='bbox 981 372 1126 438; x_wconf 81' lang='lat' dir='ltr'><strong>ebsecro:</strong></span> 
     </span>
     <span class='ocr_line' id='line_1_3' title="bbox 244 468 1068 554; baseline -0.006 -19"><span class='ocrx_word' id='word_1_11' title='bbox 244 468 346 551; x_wconf 82' lang='lat' dir='ltr'><strong>Quasi</strong></span> <span class='ocrx_word' id='word_1_12' title='bbox 364 470 425 535; x_wconf 89' lang='lat' dir='ltr'><strong>hec</strong></span> <span class='ocrx_word' id='word_1_13' title='bbox 443 481 474 535; x_wconf 89' lang='lat' dir='ltr'><strong>te</strong></span> <span class='ocrx_word' id='word_1_14' title='bbox 492 469 610 534; x_wconf 89' lang='lat' dir='ltr'><strong>orando</strong></span> <span class='ocrx_word' id='word_1_15' title='bbox 628 491 648 532; x_wconf 88' lang='lat' dir='ltr'><strong>a</strong></span> <span class='ocrx_word' id='word_1_16' title='bbox 663 491 714 533; x_wconf 89' lang='lat' dir='ltr'><strong>me</strong></span> <span class='ocrx_word' id='word_1_17' title='bbox 730 471 899 554; x_wconf 83' lang='lat' dir='ltr'><strong>impetrare</strong></span> <span class='ocrx_word' id='word_1_18' title='bbox 916 469 1068 553; x_wconf 87' lang='lat' dir='ltr'><strong>operteat.</strong></span> 
     </span>
     <span class='ocr_line' id='line_1_4' title="bbox 244 561 1196 647; baseline -0.005 -18"><span class='ocrx_word' id='word_1_19' title='bbox 244 565 356 630; x_wconf 83' lang='lat' dir='ltr'><strong>Alium</strong></span> <span class='ocrx_word' id='word_1_20' title='bbox 381 565 450 628; x_wconf 89' lang='lat' dir='ltr'><strong>esse</strong></span> <span class='ocrx_word' id='word_1_21' title='bbox 477 585 585 629; x_wconf 79' lang='lat' dir='ltr'>censes</span> <span class='ocrx_word' id='word_1_22' title='bbox 610 564 695 627; x_wconf 81' lang='lat' dir='ltr'><strong>nunc</strong></span> <span class='ocrx_word' id='word_1_23' title='bbox 721 585 772 627; x_wconf 90' lang='lat' dir='ltr'><strong>me</strong></span> <span class='ocrx_word' id='word_1_24' title='bbox 798 574 894 647; x_wconf 88' lang='lat' dir='ltr'><strong>atque</strong></span> <span class='ocrx_word' id='word_1_25' title='bbox 925 561 1001 626; x_wconf 91' lang='lat' dir='ltr'><strong>olim</strong></span> <span class='ocrx_word' id='word_1_26' title='bbox 1026 561 1127 646; x_wconf 68' lang='lat' dir='ltr'><strong>&#39;quem</strong></span> <span class='ocrx_word' id='word_1_27' title='bbox 1145 562 1196 618; x_wconf 80' lang='grc'>545</span> 
     </span>
     <span class='ocr_line' id='line_1_5' title="bbox 582 656 719 721; baseline 0 -1"><span class='ocrx_word' id='word_1_28' title='bbox 582 656 719 721; x_wconf 80' lang='lat' dir='ltr'><strong>dabam?</strong></span> 
     </span>
     <span class='ocr_line' id='line_1_6' title="bbox 246 749 993 835; baseline -0.007 -18"><span class='ocrx_word' id='word_1_29' title='bbox 246 749 283 817; x_wconf 87' lang='lat' dir='ltr'><strong>Si</strong></span> <span class='ocrx_word' id='word_1_30' title='bbox 300 751 333 815; x_wconf 93' lang='lat' dir='ltr'><strong>in</strong></span> <span class='ocrx_word' id='word_1_31' title='bbox 350 753 447 816; x_wconf 88' lang='lat' dir='ltr'><strong>remst</strong></span> <span class='ocrx_word' id='word_1_32' title='bbox 464 751 590 835; x_wconf 89' lang='lat' dir='ltr'><strong>utrique</strong></span> <span class='ocrx_word' id='word_1_33' title='bbox 607 761 642 815; x_wconf 90' lang='lat' dir='ltr'><strong>ut</strong></span> <span class='ocrx_word' id='word_1_34' title='bbox 659 749 750 827; x_wconf 82' lang='lat' dir='ltr'><strong>fiant,</strong></span> <span class='ocrx_word' id='word_1_35' title='bbox 768 751 887 815; x_wconf 82' lang='lat' dir='ltr'><strong>accersi</strong></span> <span class='ocrx_word' id='word_1_36' title='bbox 904 749 993 826; x_wconf 89' lang='lat' dir='ltr'><strong>iube;</strong></span> 
     </span>
     <span class='ocr_line' id='line_1_7' title="bbox 120 841 1024 929; baseline -0.006 -18"><span class='ocrx_word' id='word_1_37' title='bbox 120 861 147 903; x_wconf 80' lang='lat'><strong>15</strong></span> <span class='ocrx_word' id='word_1_38' title='bbox 246 843 314 911; x_wconf 86' lang='lat' dir='ltr'><strong>Sed</strong></span> <span class='ocrx_word' id='word_1_39' title='bbox 331 844 359 909; x_wconf 90' lang='lat' dir='ltr'><strong>si</strong></span> <span class='ocrx_word' id='word_1_40' title='bbox 375 846 414 909; x_wconf 85' lang='lat' dir='ltr'><strong>ex</strong></span> <span class='ocrx_word' id='word_1_41' title='bbox 432 866 470 908; x_wconf 88' lang='lat' dir='ltr'><strong>ea</strong></span> <span class='ocrx_word' id='word_1_42' title='bbox 487 867 521 909; x_wconf 92' lang='lat' dir='ltr'><strong>re</strong></span> <span class='ocrx_word' id='word_1_43' title='bbox 537 843 611 929; x_wconf 83' lang='lat' dir='ltr'><strong>plds</strong></span> <span class='ocrx_word' id='word_1_44' title='bbox 627 842 735 907; x_wconf 86' lang='lat' dir='ltr'><strong>maliet</strong></span> <span class='ocrx_word' id='word_1_45' title='bbox 751 863 848 926; x_wconf 88' lang='lat' dir='ltr'><strong>quam</strong></span> <span class='ocrx_word' id='word_1_46' title='bbox 866 841 1024 907; x_wconf 89' lang='lat' dir='ltr'><strong>cemmodi</strong></span> 
     </span>
     <span class='ocr_line' id='line_1_8' title="bbox 245 935 1184 1024; baseline -0.004 -20"><span class='ocrx_word' id='word_1_47' title='bbox 245 938 392 1022; x_wconf 79' lang='lat' dir='ltr'><strong>Vtrique,</strong></span> <span class='ocrx_word' id='word_1_48' title='bbox 409 936 443 1002; x_wconf 93' lang='lat' dir='ltr'><strong>id</strong></span> <span class='ocrx_word' id='word_1_49' title='bbox 460 960 513 1024; x_wconf 74' lang='lat' dir='ltr'><strong>epo</strong></span> <span class='ocrx_word' id='word_1_50' title='bbox 532 948 562 1003; x_wconf 89' lang='lat' dir='ltr'><strong>te</strong></span> <span class='ocrx_word' id='word_1_51' title='bbox 581 958 636 1002; x_wconf 88' lang='lat' dir='ltr'><strong>oro</strong></span> <span class='ocrx_word' id='word_1_52' title='bbox 652 939 686 1000; x_wconf 81' lang='lat' dir='ltr'><strong>in</strong></span> <span class='ocrx_word' id='word_1_53' title='bbox 704 957 871 1002; x_wconf 88' lang='lat' dir='ltr'><strong>commune</strong></span> <span class='ocrx_word' id='word_1_54' title='bbox 888 946 924 1000; x_wconf 86' lang='lat' dir='ltr'><strong>ut</strong></span> <span class='ocrx_word' id='word_1_55' title='bbox 942 935 1099 1013; x_wconf 87' lang='lat' dir='ltr'><strong>censulas,</strong></span> <span class='ocrx_word' id='word_1_56' title='bbox 1182 953 1184 957; x_wconf 82' lang='grc'><strong>’</strong></span> 
     </span>
     <span class='ocr_line' id='line_1_9' title="bbox 246 1029 1066 1116; baseline 0 -21"><span class='ocrx_word' id='word_1_57' title='bbox 246 1029 348 1114; x_wconf 82' lang='lat' dir='ltr'><strong>Quasi</strong></span> <span class='ocrx_word' id='word_1_58' title='bbox 364 1032 419 1095; x_wconf 83' lang='lat' dir='ltr'><strong>illa</strong></span> <span class='ocrx_word' id='word_1_59' title='bbox 436 1042 492 1096; x_wconf 87' lang='lat' dir='ltr'><strong>tua</strong></span> <span class='ocrx_word' id='word_1_60' title='bbox 509 1031 549 1095; x_wconf 89' lang='lat' dir='ltr'><strong>sit</strong></span> <span class='ocrx_word' id='word_1_61' title='bbox 567 1030 791 1116; x_wconf 81' lang='lat' dir='ltr'><strong>Pemphilique</strong></span> <span class='ocrx_word' id='word_1_62' title='bbox 809 1051 869 1116; x_wconf 84' lang='lat' dir='ltr'><strong>ego</strong></span> <span class='ocrx_word' id='word_1_63' title='bbox 888 1032 946 1094; x_wconf 79' lang='lat' dir='ltr'><strong>sim</strong></span> <span class='ocrx_word' id='word_1_64' title='bbox 966 1039 1066 1115; x_wconf 84' lang='lat' dir='ltr'><strong>pater.</strong></span> 
     </span>
     <span class='ocr_line' id='line_1_10' title="bbox 161 1121 1199 1209; baseline -0.001 -18"><span class='ocrx_word' id='word_1_65' title='bbox 161 1123 208 1191; x_wconf 87' lang='lat' dir='ltr'><strong>Sr.</strong></span> <span class='ocrx_word' id='word_1_66' title='bbox 245 1125 348 1189; x_wconf 91' lang='lat' dir='ltr'><strong>Immo</strong></span> <span class='ocrx_word' id='word_1_67' title='bbox 365 1126 411 1190; x_wconf 82' lang='lat' dir='ltr'><strong>ita</strong></span> <span class='ocrx_word' id='word_1_68' title='bbox 428 1125 502 1190; x_wconf 92' lang='lat' dir='ltr'><strong>uolo</strong></span> <span class='ocrx_word' id='word_1_69' title='bbox 520 1125 627 1208; x_wconf 87' lang='lat' dir='ltr'><strong>itaque</strong></span> <span class='ocrx_word' id='word_1_70' title='bbox 644 1125 770 1209; x_wconf 89' lang='lat' dir='ltr'><strong>pestulo</strong></span> <span class='ocrx_word' id='word_1_71' title='bbox 786 1135 823 1188; x_wconf 87' lang='lat' dir='ltr'><strong>ut</strong></span> <span class='ocrx_word' id='word_1_72' title='bbox 840 1124 904 1200; x_wconf 78' lang='lat' dir='ltr'><strong>fiet,</strong></span> <span class='ocrx_word' id='word_1_73' title='bbox 923 1121 1087 1201; x_wconf 84' lang='lat' dir='ltr'><strong>Chremes,</strong></span> <span class='ocrx_word' id='word_1_74' title='bbox 1148 1134 1199 1190; x_wconf 85' lang='grc'><strong>550</strong></span> 
     </span>
     <span class='ocr_line' id='line_1_11' title="bbox 245 1213 1129 1304; baseline -0.001 -21"><span class='ocrx_word' id='word_1_75' title='bbox 245 1219 359 1302; x_wconf 86' lang='lat' dir='ltr'><strong>Neque</strong></span> <span class='ocrx_word' id='word_1_76' title='bbox 376 1213 533 1304; x_wconf 84' lang='lat' dir='ltr'><strong>pestuicm</strong></span> <span class='ocrx_word' id='word_1_77' title='bbox 553 1219 610 1283; x_wconf 87' lang='lat' dir='ltr'><strong>abs</strong></span> <span class='ocrx_word' id='word_1_78' title='bbox 628 1228 670 1295; x_wconf 91' lang='lat' dir='ltr'><strong>te,</strong></span> <span class='ocrx_word' id='word_1_79' title='bbox 692 1218 726 1281; x_wconf 92' lang='lat' dir='ltr'><strong>ni</strong></span> <span class='ocrx_word' id='word_1_80' title='bbox 741 1220 812 1302; x_wconf 86' lang='lat' dir='ltr'><strong>ipsa</strong></span> <span class='ocrx_word' id='word_1_81' title='bbox 828 1240 879 1282; x_wconf 92' lang='lat' dir='ltr'><strong>res</strong></span> <span class='ocrx_word' id='word_1_82' title='bbox 897 1219 1032 1282; x_wconf 78' lang='lat' dir='ltr'><strong>moneet.</strong></span> <span class='ocrx_word' id='word_1_83' title='bbox 1069 1215 1129 1282; x_wconf 84' lang='lat' dir='ltr'><strong>Cn.</strong></span> 
     </span>
     <span class='ocr_line' id='line_1_12' title="bbox 587 1310 758 1393; baseline 0 -18"><span class='ocrx_word' id='word_1_84' title='bbox 587 1310 674 1393; x_wconf 90' lang='lat' dir='ltr'><strong>Quid</strong></span> <span class='ocrx_word' id='word_1_85' title='bbox 693 1311 758 1376; x_wconf 83' lang='lat' dir='ltr'><strong>est?</strong></span> 
     </span>
     <span class='ocr_line' id='line_1_13' title="bbox 121 1402 1129 1492; baseline 0.004 -26"><span class='ocrx_word' id='word_1_86' title='bbox 121 1426 148 1466; x_wconf 79' lang='lat' dir='ltr'><strong>ro</strong></span> <span class='ocrx_word' id='word_1_87' title='bbox 162 1404 209 1472; x_wconf 82' lang='lat' dir='ltr'>S1&#39;.</span> <span class='ocrx_word' id='word_1_88' title='bbox 243 1407 316 1472; x_wconf 84' lang='lat' dir='ltr'><strong>Irae</strong></span> <span class='ocrx_word' id='word_1_89' title='bbox 328 1418 402 1471; x_wconf 91' lang='lat' dir='ltr'><strong>sunt</strong></span> <span class='ocrx_word' id='word_1_90' title='bbox 414 1408 496 1472; x_wconf 86' lang='lat' dir='ltr'><strong>inter</strong></span> <span class='ocrx_word' id='word_1_91' title='bbox 505 1405 690 1492; x_wconf 62' lang='lat' dir='ltr'><strong>Glycerium</strong></span> <span class='ocrx_word' id='word_1_92' title='bbox 705 1417 737 1470; x_wconf 90' lang='lat' dir='ltr'><strong>et</strong></span> <span class='ocrx_word' id='word_1_93' title='bbox 748 1416 890 1490; x_wconf 85' lang='lat' dir='ltr'><strong>gnatum.</strong></span> <span class='ocrx_word' id='word_1_94' title='bbox 924 1402 993 1470; x_wconf 81' lang='lat' dir='ltr'><strong>Cn.</strong></span> <span class='ocrx_word' id='word_1_95' title='bbox 1011 1405 1129 1470; x_wconf 80' lang='lat' dir='ltr'><strong>Audio.</strong></span> 
     </span>
     <span class='ocr_line' id='line_1_14' title="bbox 163 1495 1130 1587; baseline -0.001 -22"><span class='ocrx_word' id='word_1_96' title='bbox 163 1498 210 1566; x_wconf 85' lang='lat' dir='ltr'><strong>S1.</strong></span> <span class='ocrx_word' id='word_1_97' title='bbox 245 1500 296 1565; x_wconf 89' lang='lat' dir='ltr'><strong>Ita</strong></span> <span class='ocrx_word' id='word_1_98' title='bbox 309 1503 456 1587; x_wconf 80' lang='lat' dir='ltr'><strong>megnae,</strong></span> <span class='ocrx_word' id='word_1_99' title='bbox 469 1511 506 1564; x_wconf 92' lang='lat' dir='ltr'><strong>ut</strong></span> <span class='ocrx_word' id='word_1_100' title='bbox 519 1522 642 1587; x_wconf 84' lang='lat' dir='ltr'><strong>sperem</strong></span> <span class='ocrx_word' id='word_1_101' title='bbox 656 1502 750 1585; x_wconf 85' lang='lat' dir='ltr'><strong>pesse</strong></span> <span class='ocrx_word' id='word_1_102' title='bbox 763 1499 868 1563; x_wconf 87' lang='lat' dir='ltr'><strong>auelli.</strong></span> <span class='ocrx_word' id='word_1_103' title='bbox 897 1495 956 1564; x_wconf 83' lang='lat' dir='ltr'><strong>Cn.</strong></span> <span class='ocrx_word' id='word_1_104' title='bbox 974 1498 1130 1566; x_wconf 78' lang='lat' dir='ltr'><strong>Febulae!</strong></span> 
     </span>
     <span class='ocr_line' id='line_1_15' title="bbox 163 1590 1106 1660; baseline -0.002 -1"><span class='ocrx_word' id='word_1_105' title='bbox 163 1593 209 1659; x_wconf 88' lang='lat' dir='ltr'><strong>S1.</strong></span> <span class='ocrx_word' id='word_1_106' title='bbox 244 1593 394 1659; x_wconf 76' lang='lat' dir='ltr'><strong>Profecto</strong></span> <span class='ocrx_word' id='word_1_107' title='bbox 412 1595 458 1660; x_wconf 92' lang='lat' dir='ltr'><strong>sio</strong></span> <span class='ocrx_word' id='word_1_108' title='bbox 475 1604 531 1659; x_wconf 89' lang='lat' dir='ltr'><strong>est.</strong></span> <span class='ocrx_word' id='word_1_109' title='bbox 577 1591 637 1658; x_wconf 85' lang='lat' dir='ltr'><strong>On.</strong></span> <span class='ocrx_word' id='word_1_110' title='bbox 667 1590 722 1658; x_wconf 84' lang='lat' dir='ltr'><strong>Sic</strong></span> <span class='ocrx_word' id='word_1_111' title='bbox 739 1592 844 1658; x_wconf 86' lang='lat' dir='ltr'><strong>hercle</strong></span> <span class='ocrx_word' id='word_1_112' title='bbox 861 1604 897 1656; x_wconf 92' lang='lat' dir='ltr'><strong>ut</strong></span> <span class='ocrx_word' id='word_1_113' title='bbox 914 1592 1017 1657; x_wconf 84' lang='lat' dir='ltr'><strong>dicem</strong></span> <span class='ocrx_word' id='word_1_114' title='bbox 1035 1592 1106 1658; x_wconf 88' lang='lat' dir='ltr'><strong>tibi:</strong></span> 
     </span>
     <span class='ocr_line' id='line_1_16' title="bbox 248 1686 1201 1772; baseline -0.002 -20"><span class='ocrx_word' id='word_1_115' title='bbox 248 1688 437 1753; x_wconf 83' lang='lat' dir='ltr'><strong>Amentium</strong></span> <span class='ocrx_word' id='word_1_116' title='bbox 454 1688 520 1753; x_wconf 88' lang='lat' dir='ltr'><strong>irae</strong></span> <span class='ocrx_word' id='word_1_117' title='bbox 539 1688 654 1752; x_wconf 88' lang='lat' dir='ltr'><strong>ameris</strong></span> <span class='ocrx_word' id='word_1_118' title='bbox 671 1686 878 1772; x_wconf 80' lang='lat' dir='ltr'><strong>integretiost.</strong></span> <span class='ocrx_word' id='word_1_119' title='bbox 1150 1704 1201 1759; x_wconf 82' lang='lat'><strong>555</strong></span> 
     </span>
     <span class='ocr_line' id='line_1_17' title="bbox 165 1779 1134 1866; baseline -0.003 -18"><span class='ocrx_word' id='word_1_120' title='bbox 165 1780 214 1848; x_wconf 86' lang='lat' dir='ltr'><strong>Sr.</strong></span> <span class='ocrx_word' id='word_1_121' title='bbox 249 1780 322 1860; x_wconf 82' lang='lat' dir='ltr'><strong>Em,</strong></span> <span class='ocrx_word' id='word_1_122' title='bbox 345 1780 380 1845; x_wconf 93' lang='lat' dir='ltr'><strong>id</strong></span> <span class='ocrx_word' id='word_1_123' title='bbox 397 1793 429 1846; x_wconf 90' lang='lat' dir='ltr'><strong>te</strong></span> <span class='ocrx_word' id='word_1_124' title='bbox 447 1784 501 1846; x_wconf 89' lang='lat' dir='ltr'><strong>ero</strong></span> <span class='ocrx_word' id='word_1_125' title='bbox 519 1793 555 1846; x_wconf 87' lang='lat' dir='ltr'><strong>ut</strong></span> <span class='ocrx_word' id='word_1_126' title='bbox 573 1791 645 1846; x_wconf 87' lang='lat' dir='ltr'><strong>ante</strong></span> <span class='ocrx_word' id='word_1_127' title='bbox 663 1783 783 1857; x_wconf 81' lang='lat' dir='ltr'><strong>cemus,</strong></span> <span class='ocrx_word' id='word_1_128' title='bbox 805 1779 881 1844; x_wconf 94' lang='lat' dir='ltr'><strong>dum</strong></span> <span class='ocrx_word' id='word_1_129' title='bbox 899 1782 1023 1866; x_wconf 64' lang='lat' dir='ltr'><strong>templis</strong></span> <span class='ocrx_word' id='word_1_130' title='bbox 1040 1781 1134 1846; x_wconf 88' lang='lat' dir='ltr'><strong>datur</strong></span> 
     </span>
     <span class='ocr_line' id='line_1_18' title="bbox 124 1874 1017 1959; baseline 0.006 -25"><span class='ocrx_word' id='word_1_131' title='bbox 124 1893 151 1934; x_wconf 80' lang='lat' dir='ltr'><strong>as</strong></span> <span class='ocrx_word' id='word_1_132' title='bbox 247 1874 401 1959; x_wconf 89' lang='lat' dir='ltr'><strong>Dumque</strong></span> <span class='ocrx_word' id='word_1_133' title='bbox 420 1877 487 1940; x_wconf 85' lang='lat' dir='ltr'><strong>eius</strong></span> <span class='ocrx_word' id='word_1_134' title='bbox 504 1874 613 1939; x_wconf 91' lang='lat' dir='ltr'><strong>lubido</strong></span> <span class='ocrx_word' id='word_1_135' title='bbox 635 1874 791 1939; x_wconf 82' lang='lat' dir='ltr'><strong>occldsast</strong></span> <span class='ocrx_word' id='word_1_136' title='bbox 809 1875 1017 1951; x_wconf 88' lang='lat' dir='ltr'><strong>contumeliis,</strong></span> 
     </span>
     <span class='ocr_line' id='line_1_19' title="bbox 249 1968 1133 2052; baseline 0.002 -19"><span class='ocrx_word' id='word_1_137' title='bbox 249 1968 343 2033; x_wconf 87' lang='lat' dir='ltr'><strong>Prius</strong></span> <span class='ocrx_word' id='word_1_138' title='bbox 361 1990 457 2052; x_wconf 86' lang='lat' dir='ltr'><strong>quam</strong></span> <span class='ocrx_word' id='word_1_139' title='bbox 475 1968 588 2033; x_wconf 78' lang='lat' dir='ltr'><strong>herum</strong></span> <span class='ocrx_word' id='word_1_140' title='bbox 606 1969 725 2033; x_wconf 88' lang='lat' dir='ltr'><strong>scelera</strong></span> <span class='ocrx_word' id='word_1_141' title='bbox 747 1978 779 2033; x_wconf 92' lang='lat' dir='ltr'><strong>et</strong></span> <span class='ocrx_word' id='word_1_142' title='bbox 799 1968 958 2033; x_wconf 80' lang='lat' dir='ltr'><strong>lectumae</strong></span> <span class='ocrx_word' id='word_1_143' title='bbox 982 1968 1133 2035; x_wconf 87' lang='lat' dir='ltr'><strong>confictae</strong></span> 
     </span>
     <span class='ocr_line' id='line_1_20' title="bbox 587 2062 666 2126; baseline 0.013 -1"><span class='ocrx_word' id='word_1_144' title='bbox 587 2062 666 2126; x_wconf 89' lang='lat' dir='ltr'><strong>dolis</strong></span> 
     </span>
     <span class='ocr_line' id='line_1_21' title="bbox 248 2155 1116 2242; baseline 0 -21"><span class='ocrx_word' id='word_1_145' title='bbox 248 2155 439 2221; x_wconf 85' lang='lat' dir='ltr'><strong>Redddcunt</strong></span> <span class='ocrx_word' id='word_1_146' title='bbox 457 2156 599 2220; x_wconf 87' lang='lat' dir='ltr'><strong>animum</strong></span> <span class='ocrx_word' id='word_1_147' title='bbox 616 2156 783 2242; x_wconf 86' lang='lat' dir='ltr'><strong>aegretum</strong></span> <span class='ocrx_word' id='word_1_148' title='bbox 800 2156 841 2220; x_wconf 87' lang='lat' dir='ltr'><strong>ad</strong></span> <span class='ocrx_word' id='word_1_149' title='bbox 858 2155 1116 2235; x_wconf 72' lang='lat' dir='ltr'><strong>misericerdiam,</strong></span> 
     </span>
     <span class='ocr_line' id='line_1_22' title="bbox 160 2247 1203 2335; baseline -0.001 -18"><span class='ocrx_word' id='word_1_150' title='bbox 160 2328 164 2332; x_wconf 18' lang='lat'><strong>⁸</strong></span> <span class='ocrx_word' id='word_1_151' title='bbox 248 2250 390 2317; x_wconf 86' lang='lat' dir='ltr'><strong>Vxerem</strong></span> <span class='ocrx_word' id='word_1_152' title='bbox 409 2250 527 2319; x_wconf 85' lang='lat' dir='ltr'><strong>demus.</strong></span> <span class='ocrx_word' id='word_1_153' title='bbox 572 2251 664 2334; x_wconf 90' lang='lat' dir='ltr'><strong>spero</strong></span> <span class='ocrx_word' id='word_1_154' title='bbox 683 2248 908 2314; x_wconf 81' lang='lat' dir='ltr'><strong>consuetddinc</strong></span> <span class='ocrx_word' id='word_1_155' title='bbox 929 2247 988 2335; x_wconf 87' lang='lat' dir='ltr'><strong>[et]</strong></span> <span class='ocrx_word' id='word_1_156' title='bbox 1151 2261 1203 2316; x_wconf 86' lang='grc'>560</span> 
     </span>
     <span class='ocr_line' id='line_1_23' title="bbox 250 2340 943 2429; baseline -0.001 -21"><span class='ocrx_word' id='word_1_157' title='bbox 250 2340 408 2429; x_wconf 81' lang='lat' dir='ltr'><strong>Conidgio</strong></span> <span class='ocrx_word' id='word_1_158' title='bbox 425 2343 548 2408; x_wconf 82' lang='lat' dir='ltr'><strong>libereli</strong></span> <span class='ocrx_word' id='word_1_159' title='bbox 565 2343 758 2419; x_wconf 69' lang='lat' dir='ltr'><strong>deuinctam,</strong></span> <span class='ocrx_word' id='word_1_160' title='bbox 778 2340 943 2418; x_wconf 83' lang='lat' dir='ltr'><strong>Chremes,</strong></span> 
     </span>
     <span class='ocr_line' id='line_1_24' title="bbox 124 2435 1002 2502; baseline 0.006 -5"><span class='ocrx_word' id='word_1_161' title='bbox 124 2456 152 2497; x_wconf 84' lang='lat' dir='ltr'><strong>so</strong></span> <span class='ocrx_word' id='word_1_162' title='bbox 249 2435 335 2501; x_wconf 91' lang='lat' dir='ltr'><strong>Dein</strong></span> <span class='ocrx_word' id='word_1_163' title='bbox 352 2437 446 2502; x_wconf 80' lang='lat' dir='ltr'><strong>fecile</strong></span> <span class='ocrx_word' id='word_1_164' title='bbox 464 2437 583 2502; x_wconf 82' lang='lat' dir='ltr'><strong>exiliis</strong></span> <span class='ocrx_word' id='word_1_165' title='bbox 601 2439 670 2501; x_wconf 89' lang='lat' dir='ltr'><strong>sese</strong></span> <span class='ocrx_word' id='word_1_166' title='bbox 688 2438 884 2502; x_wconf 85' lang='lat' dir='ltr'><strong>emersurdm</strong></span> <span class='ocrx_word' id='word_1_167' title='bbox 901 2438 1002 2502; x_wconf 89' lang='lat' dir='ltr'><strong>malis.</strong></span> 
     </span>
     <span class='ocr_line' id='line_1_25' title="bbox 166 2528 1104 2615; baseline 0 -19"><span class='ocrx_word' id='word_1_168' title='bbox 166 2528 226 2596; x_wconf 80' lang='lat' dir='ltr'><strong>Cu.</strong></span> <span class='ocrx_word' id='word_1_169' title='bbox 249 2530 324 2594; x_wconf 87' lang='lat' dir='ltr'><strong>Tibi</strong></span> <span class='ocrx_word' id='word_1_170' title='bbox 340 2531 385 2596; x_wconf 86' lang='lat' dir='ltr'><strong>ita</strong></span> <span class='ocrx_word' id='word_1_171' title='bbox 403 2530 463 2595; x_wconf 89' lang='lat' dir='ltr'><strong>hec</strong></span> <span class='ocrx_word' id='word_1_172' title='bbox 480 2530 621 2607; x_wconf 83' lang='lat' dir='ltr'><strong>uidetur3</strong></span> <span class='ocrx_word' id='word_1_173' title='bbox 638 2533 672 2594; x_wconf 82' lang='lat' dir='ltr'><strong>et</strong></span> <span class='ocrx_word' id='word_1_174' title='bbox 690 2552 751 2615; x_wconf 85' lang='lat' dir='ltr'><strong>ego</strong></span> <span class='ocrx_word' id='word_1_175' title='bbox 769 2552 832 2594; x_wconf 90' lang='lat' dir='ltr'><strong>non</strong></span> <span class='ocrx_word' id='word_1_176' title='bbox 849 2552 943 2615; x_wconf 89' lang='lat' dir='ltr'><strong>posse</strong></span> <span class='ocrx_word' id='word_1_177' title='bbox 960 2531 1104 2610; x_wconf 84' lang='lat' dir='ltr'><strong>erbitror,</strong></span> 
     </span>
     <span class='ocr_line' id='line_1_26' title="bbox 248 2624 1134 2710; baseline 0.002 -21"><span class='ocrx_word' id='word_1_178' title='bbox 248 2625 363 2708; x_wconf 89' lang='lat' dir='ltr'><strong>Neque</strong></span> <span class='ocrx_word' id='word_1_179' title='bbox 393 2624 482 2688; x_wconf 89' lang='lat' dir='ltr'><strong>illum</strong></span> <span class='ocrx_word' id='word_1_180' title='bbox 513 2624 595 2688; x_wconf 81' lang='lat' dir='ltr'><strong>hene</strong></span> <span class='ocrx_word' id='word_1_181' title='bbox 625 2636 778 2709; x_wconf 88' lang='lat' dir='ltr'><strong>perpetuo</strong></span> <span class='ocrx_word' id='word_1_182' title='bbox 811 2624 927 2690; x_wconf 87' lang='lat' dir='ltr'><strong>habere</strong></span> <span class='ocrx_word' id='word_1_183' title='bbox 953 2647 1057 2710; x_wconf 89' lang='lat' dir='ltr'><strong>neque</strong></span> <span class='ocrx_word' id='word_1_184' title='bbox 1082 2649 1134 2691; x_wconf 89' lang='lat' dir='ltr'><strong>me</strong></span> 
     </span>
     <span class='ocr_line' id='line_1_27' title="bbox 590 2718 721 2804; baseline 0 -22"><span class='ocrx_word' id='word_1_185' title='bbox 590 2718 721 2804; x_wconf 87' lang='lat' dir='ltr'><strong>perpeti.</strong></span> 
     </span>
     <span class='ocr_line' id='line_1_28' title="bbox 165 2810 1202 2897; baseline 0.003 -19"><span class='ocrx_word' id='word_1_186' title='bbox 165 2810 211 2879; x_wconf 89' lang='lat' dir='ltr'><strong>S1.</strong></span> <span class='ocrx_word' id='word_1_187' title='bbox 248 2810 313 2893; x_wconf 90' lang='lat' dir='ltr'><strong>Qui</strong></span> <span class='ocrx_word' id='word_1_188' title='bbox 331 2813 391 2877; x_wconf 84' lang='lat' dir='ltr'><strong>scis</strong></span> <span class='ocrx_word' id='word_1_189' title='bbox 410 2833 486 2897; x_wconf 84' lang='lat' dir='ltr'><strong>ergo</strong></span> <span class='ocrx_word' id='word_1_190' title='bbox 504 2813 594 2888; x_wconf 90' lang='lat' dir='ltr'><strong>istuc,</strong></span> <span class='ocrx_word' id='word_1_191' title='bbox 613 2813 674 2876; x_wconf 82' lang='lat' dir='ltr'><strong>nisi</strong></span> <span class='ocrx_word' id='word_1_192' title='bbox 690 2811 845 2897; x_wconf 86' lang='lat' dir='ltr'><strong>periclum</strong></span> <span class='ocrx_word' id='word_1_193' title='bbox 862 2810 994 2877; x_wconf 86' lang='lat' dir='ltr'><strong>feceris?</strong></span> <span class='ocrx_word' id='word_1_194' title='bbox 1151 2827 1202 2881; x_wconf 86' lang='lat'><strong>565</strong></span> 
     </span>
     <span class='ocr_line' id='line_1_29' title="bbox 166 2905 943 2993; baseline 0 -22"><span class='ocrx_word' id='word_1_195' title='bbox 166 2905 227 2971; x_wconf 81' lang='lat' dir='ltr'><strong>Cu.</strong></span> <span class='ocrx_word' id='word_1_196' title='bbox 251 2908 297 2970; x_wconf 93' lang='lat' dir='ltr'><strong>At</strong></span> <span class='ocrx_word' id='word_1_197' title='bbox 314 2907 395 2971; x_wconf 83' lang='lat' dir='ltr'><strong>istdc</strong></span> <span class='ocrx_word' id='word_1_198' title='bbox 412 2907 565 2993; x_wconf 88' lang='lat' dir='ltr'><strong>periclum</strong></span> <span class='ocrx_word' id='word_1_199' title='bbox 582 2907 615 2970; x_wconf 90' lang='lat' dir='ltr'><strong>in</strong></span> <span class='ocrx_word' id='word_1_200' title='bbox 632 2907 699 2972; x_wconf 85' lang='lat' dir='ltr'><strong>filia</strong></span> <span class='ocrx_word' id='word_1_201' title='bbox 716 2906 784 2970; x_wconf 82' lang='lat' dir='ltr'><strong>fieri</strong></span> <span class='ocrx_word' id='word_1_202' title='bbox 804 2917 943 2991; x_wconf 87' lang='lat' dir='ltr'><strong>grauest.</strong></span> 
     </span>
     <span class='ocr_line' id='line_1_30' title="bbox 125 2999 1091 3086; baseline 0.004 -26"><span class='ocrx_word' id='word_1_203' title='bbox 125 3019 151 3060; x_wconf 79' lang='lat' dir='ltr'><strong>as</strong></span> <span class='ocrx_word' id='word_1_204' title='bbox 166 2999 211 3066; x_wconf 86' lang='lat' dir='ltr'><strong>Sr.</strong></span> <span class='ocrx_word' id='word_1_205' title='bbox 248 3001 371 3086; x_wconf 88' lang='lat' dir='ltr'><strong>Nempe</strong></span> <span class='ocrx_word' id='word_1_206' title='bbox 388 3001 629 3066; x_wconf 80' lang='lat' dir='ltr'><strong>incommoditas</strong></span> <span class='ocrx_word' id='word_1_207' title='bbox 647 2999 784 3082; x_wconf 90' lang='lat' dir='ltr'><strong>denique</strong></span> <span class='ocrx_word' id='word_1_208' title='bbox 800 3000 864 3064; x_wconf 90' lang='lat' dir='ltr'><strong>huc</strong></span> <span class='ocrx_word' id='word_1_209' title='bbox 883 3001 983 3064; x_wconf 83' lang='lat' dir='ltr'><strong>omnis</strong></span> <span class='ocrx_word' id='word_1_210' title='bbox 1001 3000 1091 3078; x_wconf 87' lang='lat' dir='ltr'><strong>redit,</strong></span> 
     </span>
     <span class='ocr_line' id='line_1_31' title="bbox 175 3092 989 3179; baseline -0.002 -18"><span class='ocrx_word' id='word_1_211' title='bbox 175 3092 178 3097; x_wconf 44' lang='lat'><strong>⁴</strong></span> <span class='ocrx_word' id='word_1_212' title='bbox 253 3094 290 3161; x_wconf 81' lang='lat' dir='ltr'><strong>Si</strong></span> <span class='ocrx_word' id='word_1_213' title='bbox 308 3094 444 3171; x_wconf 88' lang='lat' dir='ltr'><strong>eueniat,</strong></span> <span class='ocrx_word' id='word_1_214' title='bbox 463 3096 548 3178; x_wconf 90' lang='lat' dir='ltr'><strong>quod</strong></span> <span class='ocrx_word' id='word_1_215' title='bbox 565 3094 598 3159; x_wconf 93' lang='lat' dir='ltr'><strong>di</strong></span> <span class='ocrx_word' id='word_1_216' title='bbox 614 3094 813 3179; x_wconf 81' lang='lat' dir='ltr'><strong>prohibeant,</strong></span> <span class='ocrx_word' id='word_1_217' title='bbox 831 3094 989 3159; x_wconf 87' lang='lat' dir='ltr'><strong>discessio.</strong></span> 
     </span>
     <span class='ocr_line' id='line_1_32' title="bbox 249 3187 1010 3275; baseline 0 -22"><span class='ocrx_word' id='word_1_218' title='bbox 249 3190 296 3253; x_wconf 82' lang='lat' dir='ltr'><strong>At</strong></span> <span class='ocrx_word' id='word_1_219' title='bbox 313 3191 341 3253; x_wconf 85' lang='lat' dir='ltr'><strong>si</strong></span> <span class='ocrx_word' id='word_1_220' title='bbox 358 3189 535 3275; x_wconf 88' lang='lat' dir='ltr'><strong>corrigitur,</strong></span> <span class='ocrx_word' id='word_1_221' title='bbox 553 3188 639 3272; x_wconf 86' lang='lat' dir='ltr'><strong>qued</strong></span> <span class='ocrx_word' id='word_1_222' title='bbox 657 3188 904 3266; x_wconf 76' lang='lat' dir='ltr'><strong>commoditates,</strong></span> <span class='ocrx_word' id='word_1_223' title='bbox 921 3187 1010 3253; x_wconf 90' lang='lat' dir='ltr'><strong>uide:</strong></span> 
     </span>
     <span class='ocr_line' id='line_1_33' title="bbox 251 3282 1203 3368; baseline -0.005 -21"><span class='ocrx_word' id='word_1_224' title='bbox 251 3282 411 3368; x_wconf 84' lang='lat' dir='ltr'><strong>Principio</strong></span> <span class='ocrx_word' id='word_1_225' title='bbox 429 3283 530 3347; x_wconf 89' lang='lat' dir='ltr'><strong>amico</strong></span> <span class='ocrx_word' id='word_1_226' title='bbox 548 3282 650 3347; x_wconf 80' lang='lat' dir='ltr'><strong>filium</strong></span> <span class='ocrx_word' id='word_1_227' title='bbox 667 3282 848 3358; x_wconf 81' lang='lat' dir='ltr'><strong>restitueris,</strong></span> <span class='ocrx_word' id='word_1_228' title='bbox 1152 3289 1203 3343; x_wconf 83' lang='grc'>570</span> 
     </span>
     <span class='ocr_line' id='line_1_34' title="bbox 251 3375 1082 3461; baseline 0 -21"><span class='ocrx_word' id='word_1_229' title='bbox 251 3377 325 3440; x_wconf 83' lang='lat' dir='ltr'><strong>Tibi</strong></span> <span class='ocrx_word' id='word_1_230' title='bbox 343 3379 496 3461; x_wconf 80' lang='lat' dir='ltr'><strong>generum</strong></span> <span class='ocrx_word' id='word_1_231' title='bbox 512 3376 640 3440; x_wconf 91' lang='lat' dir='ltr'><strong>firmum</strong></span> <span class='ocrx_word' id='word_1_232' title='bbox 657 3386 689 3441; x_wconf 88' lang='lat' dir='ltr'><strong>et</strong></span> <span class='ocrx_word' id='word_1_233' title='bbox 706 3376 791 3441; x_wconf 80' lang='lat' dir='ltr'><strong>filiae</strong></span> <span class='ocrx_word' id='word_1_234' title='bbox 808 3375 951 3440; x_wconf 89' lang='lat' dir='ltr'><strong>inuenies</strong></span> <span class='ocrx_word' id='word_1_235' title='bbox 968 3375 1082 3440; x_wconf 91' lang='lat' dir='ltr'><strong>uirum.</strong></span> 
     </span>
     <span class='ocr_line' id='line_1_35' title="bbox 125 3467 1140 3551; baseline 0.005 -23"><span class='ocrx_word' id='word_1_236' title='bbox 125 3488 152 3528; x_wconf 80' lang='lat' dir='ltr'><strong>co</strong></span> <span class='ocrx_word' id='word_1_237' title='bbox 165 3467 227 3534; x_wconf 84' lang='lat' dir='ltr'><strong>Cu.</strong></span> <span class='ocrx_word' id='word_1_238' title='bbox 253 3468 341 3551; x_wconf 92' lang='lat' dir='ltr'><strong>Quid</strong></span> <span class='ocrx_word' id='word_1_239' title='bbox 359 3470 450 3534; x_wconf 83' lang='lat' dir='ltr'><strong>istic?</strong></span> <span class='ocrx_word' id='word_1_240' title='bbox 467 3470 493 3533; x_wconf 91' lang='lat' dir='ltr'><strong>si</strong></span> <span class='ocrx_word' id='word_1_241' title='bbox 511 3470 555 3533; x_wconf 87' lang='lat' dir='ltr'><strong>ita</strong></span> <span class='ocrx_word' id='word_1_242' title='bbox 574 3470 655 3534; x_wconf 84' lang='lat' dir='ltr'><strong>istuc</strong></span> <span class='ocrx_word' id='word_1_243' title='bbox 674 3468 816 3533; x_wconf 78' lang='lat' dir='ltr'><strong>enimum</strong></span> <span class='ocrx_word' id='word_1_244' title='bbox 834 3467 958 3533; x_wconf 86' lang='lat' dir='ltr'><strong>induxti</strong></span> <span class='ocrx_word' id='word_1_245' title='bbox 971 3491 1041 3534; x_wconf 90' lang='lat' dir='ltr'><strong>esse</strong></span> <span class='ocrx_word' id='word_1_246' title='bbox 1053 3469 1140 3533; x_wconf 79' lang='lat' dir='ltr'><strong>utile·</strong></span> 
     </span>
     <span class='ocr_line' id='line_1_36' title="bbox 251 3562 1033 3628; baseline -0.001 0"><span class='ocrx_word' id='word_1_247' title='bbox 251 3563 335 3628; x_wconf 89' lang='lat' dir='ltr'><strong>Nole</strong></span> <span class='ocrx_word' id='word_1_248' title='bbox 354 3562 410 3626; x_wconf 86' lang='lat' dir='ltr'><strong>tibi</strong></span> <span class='ocrx_word' id='word_1_249' title='bbox 427 3564 529 3628; x_wconf 92' lang='lat' dir='ltr'><strong>ullum</strong></span> <span class='ocrx_word' id='word_1_250' title='bbox 546 3563 749 3628; x_wconf 86' lang='lat' dir='ltr'><strong>cemmodum</strong></span> <span class='ocrx_word' id='word_1_251' title='bbox 766 3564 799 3628; x_wconf 92' lang='lat' dir='ltr'><strong>in</strong></span> <span class='ocrx_word' id='word_1_252' title='bbox 816 3587 866 3627; x_wconf 91' lang='lat' dir='ltr'><strong>me</strong></span> <span class='ocrx_word' id='word_1_253' title='bbox 885 3563 1033 3628; x_wconf 83' lang='lat' dir='ltr'><strong>claddier.</strong></span> 
     </span>
     <span class='ocr_line' id='line_1_37' title="bbox 166 3655 985 3743; baseline -0.002 -21"><span class='ocrx_word' id='word_1_254' title='bbox 166 3656 212 3722; x_wconf 89' lang='lat' dir='ltr'><strong>Sr.</strong></span> <span class='ocrx_word' id='word_1_255' title='bbox 248 3657 365 3723; x_wconf 88' lang='lat' dir='ltr'><strong>Merite</strong></span> <span class='ocrx_word' id='word_1_256' title='bbox 384 3666 415 3720; x_wconf 91' lang='lat' dir='ltr'><strong>te</strong></span> <span class='ocrx_word' id='word_1_257' title='bbox 434 3680 557 3743; x_wconf 90' lang='lat' dir='ltr'><strong>semper</strong></span> <span class='ocrx_word' id='word_1_258' title='bbox 573 3656 714 3721; x_wconf 84' lang='lat' dir='ltr'><strong>mexumi</strong></span> <span class='ocrx_word' id='word_1_259' title='bbox 731 3657 803 3735; x_wconf 84' lang='lat' dir='ltr'><strong>feci,</strong></span> <span class='ocrx_word' id='word_1_260' title='bbox 822 3655 985 3722; x_wconf 86' lang='lat' dir='ltr'><strong>Chremes.</strong></span> 
     </span>
     <span class='ocr_line' id='line_1_38' title="bbox 156 3749 1203 3834; baseline 0.006 -19"><span class='ocrx_word' id='word_1_261' title='bbox 156 3750 227 3815; x_wconf 75' lang='lat' dir='ltr'><strong>Cn.</strong></span> <span class='ocrx_word' id='word_1_262' title='bbox 251 3749 319 3817; x_wconf 88' lang='lat' dir='ltr'><strong>Sed</strong></span> <span class='ocrx_word' id='word_1_263' title='bbox 336 3751 413 3834; x_wconf 71' lang='lat' dir='ltr'><strong>qued</strong></span> <span class='ocrx_word' id='word_1_264' title='bbox 430 3751 495 3815; x_wconf 77' lang='lat' dir='ltr'><strong>a&#39;is?</strong></span> <span class='ocrx_word' id='word_1_265' title='bbox 531 3751 576 3817; x_wconf 89' lang='lat' dir='ltr'><strong>S1.</strong></span> <span class='ocrx_word' id='word_1_266' title='bbox 597 3749 703 3832; x_wconf 85' lang='lat' dir='ltr'><strong>Quid?</strong></span> <span class='ocrx_word' id='word_1_267' title='bbox 739 3749 799 3816; x_wconf 86' lang='lat' dir='ltr'><strong>Cn.</strong></span> <span class='ocrx_word' id='word_1_268' title='bbox 819 3749 885 3832; x_wconf 88' lang='lat' dir='ltr'><strong>Qui</strong></span> <span class='ocrx_word' id='word_1_269' title='bbox 902 3753 963 3816; x_wconf 80' lang='lat' dir='ltr'><strong>scis</strong></span> <span class='ocrx_word' id='word_1_270' title='bbox 981 3771 1035 3816; x_wconf 89' lang='lat' dir='ltr'><strong>eos</strong></span> <span class='ocrx_word' id='word_1_271' title='bbox 1050 3772 1135 3815; x_wconf 91' lang='lat' dir='ltr'><strong>nunc</strong></span> <span class='ocrx_word' id='word_1_272' title='bbox 1152 3767 1203 3820; x_wconf 76' lang='lat'><strong>575</strong></span> 
     </span>
     <span class='ocr_line' id='line_1_39' title="bbox 592 3844 939 3911; baseline 0 -3"><span class='ocrx_word' id='word_1_273' title='bbox 592 3844 771 3910; x_wconf 83' lang='lat' dir='ltr'><strong>discordare</strong></span> <span class='ocrx_word' id='word_1_274' title='bbox 788 3846 869 3910; x_wconf 89' lang='lat' dir='ltr'><strong>inter</strong></span> <span class='ocrx_word' id='word_1_275' title='bbox 887 3845 939 3911; x_wconf 87' lang='lat' dir='ltr'><strong>se?</strong></span> 
     </span>
     <span class='ocr_line' id='line_1_40' title="bbox 165 3937 1133 4025; baseline -0.002 -21"><span class='ocrx_word' id='word_1_276' title='bbox 165 3937 213 4004; x_wconf 89' lang='lat' dir='ltr'><strong>S1.</strong></span> <span class='ocrx_word' id='word_1_277' title='bbox 248 3937 341 4025; x_wconf 81' lang='lat' dir='ltr'><strong>Ipsds</strong></span> <span class='ocrx_word' id='word_1_278' title='bbox 364 3939 441 4005; x_wconf 89' lang='lat' dir='ltr'><strong>mihi</strong></span> <span class='ocrx_word' id='word_1_279' title='bbox 460 3939 581 4016; x_wconf 90' lang='lat' dir='ltr'><strong>Dauos,</strong></span> <span class='ocrx_word' id='word_1_280' title='bbox 605 3939 660 4023; x_wconf 92' lang='lat' dir='ltr'><strong>qui</strong></span> <span class='ocrx_word' id='word_1_281' title='bbox 681 3941 834 4003; x_wconf 83' lang='lat' dir='ltr'><strong>intumust</strong></span> <span class='ocrx_word' id='word_1_282' title='bbox 857 3939 965 4004; x_wconf 81' lang='lat' dir='ltr'><strong>eordm</strong></span> <span class='ocrx_word' id='word_1_283' title='bbox 987 3937 1133 4016; x_wconf 88' lang='lat' dir='ltr'><strong>consiliis,</strong></span> 
     </span>
    </p>
   </div>
   <div class='ocr_carea' id='block_1_3' title="bbox 590 4032 683 4110">
    <p class='ocr_par' dir='ltr' id='par_1_3' title="bbox 590 4032 683 4110">
     <span class='ocr_line' id='line_1_41' title="bbox 590 4032 683 4110; baseline 0 -13"><span class='ocrx_word' id='word_1_284' title='bbox 590 4032 683 4110; x_wconf 59' lang='lat' dir='ltr'><strong>dixin</strong></span> 
     </span>
    </p>
   </div>
   <div class='ocr_carea' id='block_1_4' title="bbox 920 4192 979 4215">
    <p class='ocr_par' dir='ltr' id='par_1_4' title="bbox 920 4192 979 4215">
     <span class='ocr_line' id='line_1_42' title="bbox 920 4192 979 4215; baseline 0 -2"><span class='ocrx_word' id='word_1_285' title='bbox 920 4192 979 4215; x_wconf 49' lang='lat' dir='ltr'>ss</span> 
     </span>
    </p>
   </div>
   <div class='ocr_carea' id='block_1_5' title="bbox 0 0 1321 4432">
    <p class='ocr_par' dir='ltr' id='par_1_5' title="bbox 0 0 1321 4432">
     <span class='ocr_line' id='line_1_43' title="bbox 0 0 1321 4432; baseline 0 0"><span class='ocrx_word' id='word_1_286' title='bbox 0 0 1321 4432; x_wconf 95' lang='lat' dir='ltr'><strong> </strong></span> 
     </span>
    </p>
   </div>
  </div>
 </body>
</html>
