2602 4432
542 220 718 279 PHORMIO

350 472 547 538 Duureno
612 473 912 538 Nuvsrsunaru

395 580 490 623 sunna
709 581 823 624 numan

97 659 210 724 vens.
233 661 308 747 Age
326 661 412 739 dum,
429 662 467 725 ut
484 660 576 737 soles,
594 660 804 738 Nausistrata,
822 660 874 725 fac
890 660 945 725 illa
957 659 993 723 dt
1010 658 1116 744 piace-

571 766 624 818 tur
640 754 740 831 mihis,

233 849 278 914 Vt
299 851 358 913 aua
382 849 546 913 uoluntate
571 846 714 937 iduquod
735 859 783 912 cst
803 847 988 912 faciundum
1010 845 1114 910 iaciat.
1134 853 1184 908 785

570 941 631 1005 Na,
649 941 790 1006 Faciam.

147 1033 210 1098 De.
232 1035 357 1100 Pariter
382 1057 468 1101 nunc
493 1056 589 1120 opera
614 1057 666 1099 me
691 1035 837 1113 adiuues,
869 1057 906 1100 ac
934 1036 968 1098 rc
995 1034 1115 1098 dudum

162 1172 166 1179 -
571 1129 724 1214 opitulata
740 1151 785 1195 es.

147 1222 209 1287 Ns.
232 1223 366 1288 Factum
379 1223 463 1289 uolo.
490 1245 528 1288 ac
541 1224 594 1308 pal
608 1225 712 1288 minus
726 1244 809 1307 queo
822 1222 882 1286 uiri
897 1222 1000 1307 culpa,
1019 1243 1115 1304 quam

571 1339 623 1382 me
640 1317 813 1403 dignumst.
962 1314 966 1319 ’

122 1409 210 1475 rua.
234 1409 322 1492 Quid
340 1411 465 1476 autem?
490 1411 553 1477 Na,
568 1410 654 1493 Quia
669 1411 723 1496 pol
735 1413 798 1477 mei
816 1411 913 1496 patris
931 1410 1012 1475 bene
1024 1412 1115 1494 parta

570 1505 772 1590 indiligdnter

232 1598 383 1677 Tutatur3
417 1623 493 1664 nam
525 1622 565 1664 ex
595 1600 640 1664 eis
671 1598 809 1684 praediis
840 1599 958 1664 talenta
992 1596 1115 1684 argenti

570 1693 647 1757 bina

234 1784 349 1852 Statim
380 1786 539 1872 capiebat:
574 1788 625 1850 uir
654 1786 723 1851 uiro
754 1786 832 1871 quid
861 1785 1015 1872 praestat!
1050 1785 1113 1850 Du.
1133 1792 1183 1848 790

570 1881 674 1944 Binan
691 1882 828 1964 quaiso?
1280 1952 1282 1957 ,

148 1973 210 2037 NA.
234 1975 284 2039 Ac
314 1975 409 2039 ribus
439 1974 602 2039 uilidribus
632 1975 732 2039 multd
761 1975 881 2040 talenta
909 1975 994 2039 bina.
1050 1974 1113 2039 Du.
1243 2038 1269 2061 ,Ι

571 2068 649 2133 Hui.
1242 2066 1245 2071 ’

148 2159 209 2225 ΝΑ.
234 2159 322 2242 Quid
347 2161 427 2227 haec
452 2161 619 2226 uidentur?
657 2162 721 2227 Du.
742 2161 879 2228 Scilicet.
918 2162 980 2227 Na,
1000 2161 1114 2228 Virdm

571 2279 622 2321 me
640 2267 750 2320 natum
768 2257 898 2320 uallem:

112 2367 136 2404 1⁰
233 2348 306 2434 Ego
320 2349 529 2427 ostdnderem,
552 2349 614 2415 Du.
627 2347 723 2415 Certti
736 2349 811 2415 scio.
833 2349 894 2415 Na,
906 2371 969 2434 quo
983 2345 1076 2435 pacto
1087 2398 1114 2414 ..

571 2444 635 2508 Du.
653 2445 755 2509 Parce
773 2442 874 2520 addes,

233 2538 278 2604 Vt
299 2537 401 2622 pissia
423 2559 496 2602 cum
517 2537 580 2614 ilia,
607 2539 646 2601 ne
669 2549 699 2603 te
721 2538 905 2603 adulescens
927 2537 1040 2602 mdlier
1060 2537 1116 2603 de·

574 2633 691 2697 satiet.

149 2726 209 2790 NA.
231 2725 361 2789 Faciam
379 2727 414 2790 tt
430 2725 530 2790 iubes.
566 2655 750 2790 sedgmedm
772 2725 874 2790 uirum
898 2725 955 2791 abs
977 2735 1008 2791 te
1031 2728 1116 2791 exire
1134 2732 1185 2786 795

572 2820 675 2886 uideo.

234 3058 533 3123 Navs1s'ruara
587 3056 786 3125 Canauna
837 3058 1033 3124 Duurrno

328 3167 440 3208 uvnma
635 3166 726 3210 sunus
921 3169 944 3208 11

736 3252 796 3318 Cu.
814 3254 928 3331 Ehem,
946 3254 1117 3341 Demipho,

236 3349 305 3414 Iam
332 3349 377 3414 ilii
403 3348 543 3414 datumst
569 3349 754 3434 argdntum?
797 3348 861 3413 Da.
889 3348 1010 3413 Curuui
1034 3350 1118 3416 ilice.

575 3441 635 3507 Cu.
653 3443 779 3507 Nollem
797 3441 916 3506 datum.

237 3534 292 3612 ui,
323 3536 417 3602 uideo
443 3558 589 3601 uxorem:
621 3537 721 3622 paene
747 3536 818 3621 plus
844 3558 940 3620 quam
966 3539 1016 3601 sat
1042 3547 1118 3602 erat.

574 3629 638 3695 Du.
657 3629 748 3711 Quor
764 3630 874 3707 nolles,
897 3627 1068 3695 Chremes?

115 3744 140 3784 15
155 3722 213 3789 Ca.
239 3724 305 3787 Iam
319 3724 413 3789 recte.
435 3723 498 3788 Du.
509 3723 596 3805 Quid
610 3724 664 3788 tu?
682 3724 796 3808 ecquid
807 3724 941 3789 locutu'a
957 3747 1029 3789 cum
1041 3727 1120 3790 istac

577 3839 672 3901 quam
690 3819 732 3882 ob
749 3840 816 3882 rem
833 3818 915 3882 hanc
932 3817 1095 3883 ducimus?

155 3910 214 3977 Oa.
237 3910 402 3997 Transdgi.
429 3911 491 3977 Du.
506 3911 594 3994 Quid
608 3921 651 3975 a'1't
668 3912 814 3977 tandem?
840 3910 901 3976 Cn.
915 3911 1044 3977 Abduci
1058 3913 1121 3978 ndu

577 4016 690 4092 potest.
715 4004 792 4096 ‚Du
813 4003 877 4085 Qui
894 4007 959 4070 min
976 4009 1098 4091 potest?
