2602 4432
156 216 218 284 102
534 228 740 291 EVNVOHVS

195 354 235 420 Id
251 354 297 419 ita
313 352 383 420 isse
400 375 458 420 uos
476 353 540 419 iam
557 354 696 420 indicare
712 353 864 440 piteritis.

101 466 136 522 30
197 454 300 522 Colax
316 455 532 522 Menandrist:
549 458 583 521 in
601 467 669 523 esst
685 456 842 542 parasitirs
861 456 952 521 colax

196 559 240 624 Et
258 559 348 623 miles
366 559 535 645 gloridsus:
554 581 607 625 eas
626 559 742 625 sentin
759 569 855 645 negat

194 661 354 726 Persdnas
371 662 567 727 transtulisse
584 661 618 725 in
636 660 828 727 Eunuchim
847 683 938 725 suam

194 762 248 828 Ex
265 760 405 841 Graeca3
423 763 481 828 sed
498 785 552 828 eas
569 764 608 827 dt
626 765 697 827 aliis
714 763 814 828 factis
832 763 921 848 prius

194 864 328 930 Latinas
345 865 443 931 scisse
461 867 541 943 sese,
558 863 592 928 id
609 887 686 930 uero
702 867 865 951 pernegat.

100 989 134 1042 35
194 965 291 1049 Quod
309 970 336 1032 si
352 967 492 1054 personis
510 967 626 1032 eisdem
643 967 717 1032 huic
734 967 781 1031 uti
797 967 862 1032 nin
880 966 968 1030 licet:

194 1069 261 1151 Qui
277 1070 380 1157 magis
397 1069 471 1135 licet
488 1071 666 1134 currentem
684 1090 811 1134 seruorn
827 1069 975 1144 scribere,

193 1172 301 1236 Bonas
318 1182 478 1237 matronas
494 1171 610 1249 facere,
628 1170 808 1237 meretrices
826 1170 937 1248 malas,

196 1273 391 1360 [Parasitum
409 1274 550 1351 edacem,
568 1273 742 1359 gloriosum
758 1268 906 1357 militem]

192 1376 333 1441 Puerr'un
351 1375 497 1461 supponi,
515 1375 583 1440 fnlli
600 1397 657 1461 per
674 1377 801 1442 serudm
819 1397 939 1452 senem,

98 1503 133 1558 40
193 1480 322 1555 Amare,
340 1477 455 1554 odisse,
474 1477 646 1563 sitspicarii
668 1477 804 1562 denique
1133 1491 1162 1533 ιο

193 1579 356 1646 Nullirmst
372 1579 437 1643 iam
455 1579 585 1654 dictum,
604 1579 690 1664 qutd
708 1602 771 1644 non
789 1579 829 1645 sit
843 1578 962 1644 dictirm
979 1577 1077 1663 prius.

192 1681 267 1763 Qua
283 1704 319 1748 re
336 1683 500 1765 aequomst
517 1703 576 1747 uos
591 1684 782 1768 cogntiscere
796 1693 890 1766 atque
903 1681 1077 1765 ignescere,

193 1784 287 1866 Quae
303 1786 429 1850 ueteres
446 1784 629 1849 factitarunt
647 1784 673 1849 si
690 1784 812 1850 faciinrt
829 1784 915 1849 noui.

191 1885 277 1951 Date
295 1887 434 1972 tperam,
453 1907 526 1951 cum
544 1886 667 1951 silentio
684 1887 825 1951 animum
842 1884 1005 1961 attendite,

98 2009 133 2064 45
194 1988 238 2055 Vt
255 1987 459 2076 pernoscatis,
477 1988 555 2074 quid
572 1989 633 2054 sibi
651 1988 827 2054 Eunuchis
845 1987 931 2052 uelit.
1131 2002 1161 2046 ιε
