2602 4432
178 223 241 290 202
584 232 741 292 nncraa
1146 234 1205 310 1,r

110 365 161 421 155
264 357 486 446 Superbumst.
518 356 576 423 sed
591 357 679 424 illam
693 361 797 444 spero,
815 357 871 423 ubi
889 357 950 424 hoo
963 358 1190 447 cogndueritao

262 453 336 517 Non
353 452 444 537 passe
462 474 497 517 se
514 473 639 516 mecum
657 453 738 530 asse,
756 452 913 517 abituram
932 453 1089 538 denique?

177 548 238 612 Pn.
261 545 369 628 Quid?
394 546 516 611 intarea
540 546 648 611 ibatne
674 547 715 610 ad
738 547 950 612 Bacchidem?
984 548 1045 613 Pu.
1069 547 1149 615 Cut-

601 640 687 705 tidie.

263 735 330 802 Sed
346 735 382 799 ut
398 735 444 813 fit,
461 746 630 820 postquam
648 734 733 799 hunc
745 716 884 800 alienuiu
902 735 943 800 ab
961 738 1031 801 sese
1048 736 1148 814 uidet,

260 829 408 915 Maligna
425 831 524 893 multo
542 841 574 894 et
591 829 693 915 magis
710 850 829 915 procax
846 830 932 893 iacta
948 831 1020 894 ilico
1037 844 1095 895 est.

109 931 161 987 160
177 924 238 988 Pn.
260 924 333 989 Non
359 922 472 1010 adepol
498 923 623 987 mirum.
673 924 734 987 Pu.
760 924 871 1007 Atque
901 925 941 988 aa
971 946 1021 990 ree
1047 925 1147 989 multo
1161 941 1189 983 ao

601 1019 750 1081 maxume

262 1111 409 1178 Diiimxit
425 1111 515 1175 illum
533 1111 575 1175 ab
591 1111 656 1188 illa,
674 1123 842 1196 postquam
860 1111 976 1196 etipse
994 1135 1028 1177 se

261 1205 306 1270 Et
321 1206 408 1271 illam
426 1215 458 1270 et
474 1204 556 1269 hanc
574 1226 656 1289 quae
674 1204 759 1268 domi
776 1215 844 1269 erat
861 1207 1011 1290 cognouit
1029 1204 1116 1269 satis.

264 1298 333 1386 [Ad
342 1299 521 1383 exemplum
533 1298 697 1362 ambarum
707 1319 810 1362 mores
819 1320 927 1362 earum
938 1295 1147 1384 existimans]

263 1395 364 1470 Haeo,
381 1393 426 1456 ita
443 1393 490 1456 uti
508 1391 630 1456 liberali
648 1413 717 1456 esse
734 1392 862 1476 ingenia
880 1391 981 1470 decet,

261 1487 392 1552 Pudans
410 1486 563 1561 modesta,
582 1484 784 1550 incdmmoda
802 1497 897 1569 atque
914 1485 1044 1551 inidrias
1160 1505 1188 1546 oo

262 1581 333 1648 Viri
350 1581 451 1645 amnis
469 1579 551 1644 ferre
569 1591 602 1644 et
619 1581 727 1664 tegere
745 1580 961 1645 contumelias.

261 1675 326 1739 Hic
343 1674 441 1738 animi
457 1673 571 1759 partim
589 1672 695 1737 uraris
713 1673 926 1739 misericardia

263 1768 453 1845 DeuinctuS,
470 1767 585 1853 partim
604 1770 707 1831 uictus
725 1766 819 1831 huius
836 1767 957 1832 inidriis

261 1862 422 1927 Paulatim
440 1863 579 1946 elapsust
597 1860 750 1925 Bacchidi
769 1873 864 1944 atque
882 1861 945 1926 huc
963 1859 1121 1927 transtulit

263 1957 425 2033 Amarem,
443 1967 611 2040 postquam
628 1956 686 2040 par
703 1954 867 2040 ingenium
884 1957 996 2020 nactus
1014 1970 1071 2021 est.
1159 1973 1187 2016 es

262 2051 390 2117 Interea
406 2050 441 2113 in
459 2049 567 2114 Imbro
585 2048 716 2113 maritur
733 2050 887 2135 cognatas
904 2071 1001 2114 senex

262 2145 410 2209 Hordnc:
434 2165 471 2208 ea
489 2143 531 2206 ad
548 2143 605 2207 hos
623 2143 746 2208 redibat
763 2143 834 2229 lege
852 2143 1018 2207 hereditas.

262 2238 313 2303 Eo
331 2239 491 2303 amantem
508 2237 643 2301 inuitum
660 2236 865 2322 Pamphilum
884 2237 1021 2302 extrudit
1039 2249 1139 2323 pater.

263 2331 425 2414 Relinquit
444 2353 516 2395 cum
534 2342 634 2395 matre
652 2329 703 2394 hio
720 2352 868 2407 uxorem3
885 2332 958 2395 nam
978 2353 1074 2396 senex

145 2432 158 2463 r
263 2427 331 2492 Rus
349 2426 472 2490 abdidit
488 2446 531 2501 se,
550 2425 613 2489 huc
630 2426 701 2488 raro
719 2423 751 2487 in
769 2424 881 2489 urbem
899 2425 1061 2490 cammeat.
1160 2445 1200 2486 roo

230 2569 238 2585 .
262 2519 351 2601 Quid
369 2517 472 2583 adhuc
489 2517 609 2583 habent
624 2518 817 2582 infirmitatis
834 2518 981 2603 ndptiae?

196 2616 207 2647 ¹
230 2662 238 2679 .
265 2615 360 2678 Nunc
377 2613 497 2678 addies.
532 2611 648 2697 primda
667 2611 735 2676 dies
753 2611 983 2696 compldsculos

262 2709 351 2772 Bene
369 2706 560 2772 canuenzbat
576 2708 652 2770 sane
669 2705 751 2770 inter
769 2728 832 2770 eas.
868 2705 993 2771 interim

263 2802 356 2866 Miris
373 2800 474 2866 modis
492 2800 595 2865 odisse
613 2799 716 2885 coepit
734 2797 925 2864 Sastratam:

262 2896 375 2978 Neque
392 2895 464 2960 lites
481 2895 565 2960 ullae
581 2893 663 2958 intar
680 2915 745 2970 eas,
763 2893 933 2978 postulatio
1159 2911 1200 2955 roo

262 2989 455 3073 Numquam.
494 2989 553 3053 ΡΗ.
573 2985 662 3068 Quid
678 2987 793 3073 igitur?
826 2988 886 3052 Pu.
905 2985 942 3054 Sl
959 2987 1086 3069 quando
1103 2987 1146 3052 ad

600 3104 671 3146 eam
688 3082 863 3147 uocasserat

263 3176 523 3254 Coni'abulatum,
543 3176 655 3264 frigere
673 3198 691 3241 e
709 3188 880 3261 conspectu
896 3175 979 3248 ilico,

262 3271 380 3337 Vidare
398 3271 496 3337 nolle:
515 3270 651 3354 danique
669 3269 725 3334 ubi
741 3291 805 3334 non
822 3269 889 3353 quit
907 3266 983 3354 pati,
1010 3258 1021 3282 ⁹

262 3364 399 3431 Simulat
424 3388 458 3430 se
480 3364 522 3430 ad
543 3375 676 3429 matrem
699 3362 816 3429 uocarsi
838 3362 879 3427 ad
904 3385 971 3427 rem
994 3362 1144 3442 diuinam,

601 3458 676 3524 abit.

261 3554 327 3620 Vbi
343 3553 409 3619 illic
427 3552 494 3617 dies
513 3563 561 3617 est
579 3551 758 3636 compldris,
777 3552 896 3615 accersi
912 3550 1014 3615 iubet:
1159 3569 1198 3613 uo
1224 3628 1229 3637 1

260 3648 381 3713 Dixare
398 3670 526 3712 causam
544 3646 649 3711 nascio
666 3666 762 3729 quam
781 3656 859 3709 tum.
894 3645 1007 3709 iterdm
1025 3644 1129 3709 iubet:

260 3741 362 3806 Nema
379 3741 508 3806 remisit.
543 3742 709 3826 pastquam
727 3750 892 3804 accersunt
910 3739 1046 3824 saepius,

262 3837 403 3921 Aegram
421 3837 491 3901 asse
509 3835 658 3900 simulant
674 3832 848 3899 malierem.
883 3844 991 3897 nostra
1006 3832 1080 3896 ilico

260 3930 291 3994 lt
308 3931 411 3995 uisere
429 3929 470 3994 ad
488 3952 571 3995 eam:
599 3927 726 3993 admisit
743 3948 846 3992 nemo.
882 3926 943 3991 hoc
960 3926 1015 3989 tbi
1034 3947 1130 3990 senex

92 4029 151 4087 190
253 4024 410 4107 Resoluit,
429 4023 498 4092 heri
516 4047 556 4093 ea
572 4023 669 4091 causa
683 4043 758 4086 rure
774 4021 837 4085 huc
854 4019 994 4098 aduenit,
1158 4038 1199 4083 uu
