2602 4432
104 250 209 331 nnn·
573 213 744 314 mmm
1089 234 1132 308 29

245 379 470 448 Interminatus
485 379 565 459 sirm,
582 403 624 447 ne
640 381 776 447 fetores:
794 374 871 445 nim
888 377 1037 446 ueriiu'r?
1054 376 1131 464 quid
1210 413 1213 439 t

584 477 619 540 ro
637 473 728 540 tulit?

247 568 376 637 Credon
403 569 461 636 tibi
487 570 547 635 hoo
565 591 673 648 nune,
699 569 859 656 peperisse
885 568 968 635 hano
994 567 1131 635 ePrlm·

584 663 690 750 philo?

159 757 225 823 Dn.
245 756 355 825 Teneo
370 756 448 841 quid
466 768 557 836 erret,
575 755 702 840 etquid
719 756 939 842 agamhabeo.
975 754 1022 823 Sr.
1041 753 1131 837 Quid

586 850 691 915 taces?

160 943 224 1009 Di.
246 944 334 1027 Quid
358 943 487 1009 eredas?
509 943 600 1028 quasi
620 964 684 1008 non
702 940 759 1006 tibi
777 942 955 1007 renuntiita
972 941 1035 1008 sint
1052 942 1131 1007 haeo

167 1081 169 1084 >
585 1039 631 1102 sio
648 1036 725 1101 fore.
834 1102 837 1109 ,
1025 1057 1028 1065 ·

120 1149 146 1190 no
161 1129 206 1196 Sr.
242 1130 349 1198 Mihin
362 1131 550 1216 quisquam?
584 1131 649 1195 Di.
667 1129 751 1207 Eho,
769 1152 810 1194 an
824 1139 891 1195 tute
904 1129 1056 1196 intellexti
1070 1131 1131 1197 hoo
1148 1143 1200 1201 500

584 1223 786 1290 adsimulant
829 1222 876 1290 Sr.
895 1224 1049 1290 Inrideor.

159 1319 224 1383 DA.
244 1319 516 1395 Renirntiotumst3
530 1321 605 1383 ntlm
614 1317 669 1402 qui
682 1316 739 1381 tibi
752 1317 849 1382 istaec
856 1318 967 1383 incidit
976 1319 1131 1406 suspicio?

161 1411 206 1478 S1.
243 1413 328 1496 Qui?
346 1415 421 1496 quia
438 1423 469 1479 te
486 1435 606 1477 noram.
647 1411 710 1475 DA.
734 1408 837 1493 Quini
854 1422 889 1476 tu
906 1411 993 1478 dieas
1009 1413 1130 1480 fiotum

583 1505 617 1570 id
634 1504 764 1570 oonsilio
781 1527 862 1572 meo.

161 1599 206 1666 S1.
243 1598 340 1666 Certe
354 1600 438 1665 einim
451 1599 526 1666 seio.
554 1600 619 1664 Di.
637 1598 711 1663 Non
721 1599 797 1664 sitis
810 1622 862 1664 me
875 1601 1015 1686 pernosti
1023 1601 1129 1682 etiam,

584 1693 687 1776 qualis
704 1695 774 1770 olm,
794 1691 893 1759 Simo.

160 1786 207 1854 Sr.
243 1787 338 1875 Egon
359 1789 410 1854 tt?
452 1786 517 1852 Dn.
545 1787 611 1854 Sed
634 1786 662 1851 si
683 1785 760 1869 quid
783 1786 840 1851 tibi
861 1810 989 1856 narrare
1010 1790 1145 1878 occepi·

586 1879 736 1946 continuo
754 1880 824 1946 dari

119 1990 147 2034 rt
244 1975 319 2040 Tibi
335 1976 436 2042 uerba
448 1997 567 2041 censes.
605 1973 651 2040 Sr.
669 1972 779 2039 Ftlsot
815 1974 879 2043 Dn.
897 1977 1011 2062 Itaque
1024 1978 1129 2057 hercle
1146 1987 1198 2044 505

583 2069 628 2133 nii
645 2069 707 2133 iam
726 2069 855 2135 muttire
872 2070 984 2136 ntideo.

161 2161 208 2229 Sr.
243 2164 317 2229 Hoc
334 2165 394 2250 ego
412 2163 478 2230 seio
496 2185 605 2240 unum,
623 2162 782 2228 neminem
799 2167 959 2250 peperisse
976 2166 1037 2231 hio.
1063 2167 1127 2232 ΒΔ.

583 2256 757 2322 Intellextit
779 2259 860 2322 itaet.

246 2349 313 2417 Sed
338 2352 402 2416 nilo
425 2351 522 2417 retiis
545 2372 620 2416 mox
646 2374 781 2437 puerum
806 2350 870 2417 huo
892 2352 1034 2420 deferent
1056 2367 1128 2423 ante

584 2445 708 2512 ostium.

244 2538 284 2604 Id
306 2540 367 2625 ego
385 2539 448 2603 iam
470 2561 555 2605 nuno
577 2539 646 2618 tibi,
668 2542 731 2616 ere,
753 2540 900 2606 renuntio
918 2542 1070 2620 futurum,
1092 2553 1129 2608 ut

584 2637 626 2699 sis
645 2634 758 2712 sciens,

244 2726 294 2792 Ne
308 2736 343 2791 tu
356 2726 417 2793 hoo
432 2725 537 2813 [mihi]
553 2727 709 2813 posterius
720 2729 807 2793 diens
820 2728 907 2793 Daui
920 2729 1039 2794 fletum
1053 2753 1128 2797 oon-

492 2840 495 2849 ·
585 2820 655 2886 silio
672 2824 728 2887 atit
746 2822 834 2887 dolis.

120 2932 147 2974 to
245 2913 381 2980 Prorsus
407 2938 428 2980 a
453 2937 504 2981 me
535 2916 715 3000 opinionem
745 2914 827 2980 hano
858 2927 946 2981 tuam
971 2919 1041 2985 osse
1067 2942 1127 3007 ego
1144 2930 1196 2986 510

154 3092 158 3099 ι
583 3012 720 3075 amotim
737 3008 820 3073 uolo.

160 3100 207 3168 S1.
241 3083 335 3168 Vnde
354 3103 385 3167 id
405 3103 484 3167 sois?
526 3103 592 3168 Dn.
619 3101 740 3166 Audiui
758 3114 789 3167 et
807 3103 914 3169 credo:
936 3106 1036 3171 mrilia
1053 3129 1128 3172 eon·

583 3196 710 3260 currimt
727 3197 831 3274 simul,

245 3287 311 3370 Qui
325 3288 537 3354 coniecturam
551 3289 632 3354 hino
645 3311 729 3355 nuno
742 3290 834 3358 facio.
869 3292 932 3357 itlm
946 3294 1033 3379 prius
1047 3295 1126 3363 haee

582 3405 616 3448 se
634 3404 652 3447 e
668 3382 837 3470 Pamphilo

245 3475 420 3543 Grtuidam
444 3476 522 3542 dixit
544 3478 626 3542 esse:
648 3475 844 3543 inuentumst
860 3479 985 3547 filsum.
1029 3506 1124 3563 nuno,

582 3574 750 3656 postquim
767 3573 855 3638 uidet

242 3663 377 3751 Nirptias
396 3663 481 3730 domi
498 3665 654 3750 idparari
672 3668 798 3731 missast
815 3667 929 3732 aneilla
945 3667 1016 3734 ilieo

119 3778 146 3821 tt
244 3738 457 3824 Obstetricem
472 3759 656 3824 accersitum
671 3760 712 3824 ad
728 3783 798 3825 eam
816 3771 848 3826 et
865 3763 998 3848 piretum
1016 3775 1051 3829 ut
1068 3764 1124 3829 ad·
1140 3777 1192 3832 515

581 3853 677 3918 ferret
694 3854 797 3920 simul.

244 3948 316 4012 Ηόο
333 3946 393 4010 nisi
410 3947 455 4023 fit,
477 3969 611 4031 puerum
628 3947 665 4011 tit
682 3960 717 4011 tu
734 3948 843 4014 uideas
863 3997 871 4014 .
891 3998 899 4016 .
919 3999 926 4014 .
947 3949 1038 4036 [nihil
1055 3975 1123 4018 mo-

382 4053 399 4102 l
425 4100 430 4105 .
461 4101 464 4105 .
506 4101 536 4126 ›.
573 4053 693 4110 ‚uentur
711 4041 862 4128 nuptiae]
