<?xml version="1.0" encoding="UTF-8"?>
<!DOCTYPE html PUBLIC "-//W3C//DTD XHTML 1.0 Transitional//EN"
    "http://www.w3.org/TR/xhtml1/DTD/xhtml1-transitional.dtd">
<html xmlns="http://www.w3.org/1999/xhtml" xml:lang="en" lang="en">
 <head>
  <title>
</title>
<meta http-equiv="Content-Type" content="text/html;charset=utf-8" />
  <meta name='ocr-system' content='tesseract 3.04.00' />
  <meta name='ocr-capabilities' content='ocr_page ocr_carea ocr_par ocr_line ocrx_word'/>
</head>
<body>
  <div class='ocr_page' id='page_1' title='image "./comoediae00lindgoog_0119.png"; bbox 0 0 2602 4432; ppageno 0'>
   <div class='ocr_carea' id='block_1_1' title="bbox 172 203 1191 297">
    <p class='ocr_par' dir='ltr' id='par_1_1' title="bbox 172 203 1191 297">
     <span class='ocr_line' id='line_1_1' title="bbox 172 203 1191 297; baseline 0.009 -25"><span class='ocrx_word' id='word_1_1' title='bbox 172 203 213 272; x_wconf 76' lang='lat'><strong>74</strong></span> <span class='ocrx_word' id='word_1_2' title='bbox 412 217 598 282; x_wconf 75' lang='lat' dir='ltr'><strong>Huuvrou</strong></span> <span class='ocrx_word' id='word_1_3' title='bbox 615 217 893 283; x_wconf 78' lang='lat' dir='ltr'><strong>&#39;uorouvuuuos</strong></span> <span class='ocrx_word' id='word_1_4' title='bbox 1067 221 1121 297; x_wconf 86' lang='lat'>111,</span> <span class='ocrx_word' id='word_1_5' title='bbox 1130 225 1191 281; x_wconf 68' lang='lat' dir='ltr'><strong>ce</strong></span> 
     </span>
    </p>
   </div>
   <div class='ocr_carea' id='block_1_2' title="bbox 102 346 1178 904">
    <p class='ocr_par' dir='ltr' id='par_1_2' title="bbox 102 346 1178 904">
     <span class='ocr_line' id='line_1_2' title="bbox 255 346 1177 436; baseline 0.005 -27"><span class='ocrx_word' id='word_1_6' title='bbox 255 346 299 410; x_wconf 86' lang='lat' dir='ltr'><strong>Et</strong></span> <span class='ocrx_word' id='word_1_7' title='bbox 315 370 355 412; x_wconf 91' lang='lat' dir='ltr'><strong>ne</strong></span> <span class='ocrx_word' id='word_1_8' title='bbox 372 348 433 432; x_wconf 75' lang='lat' dir='ltr'><strong>ego</strong></span> <span class='ocrx_word' id='word_1_9' title='bbox 447 359 488 425; x_wconf 93' lang='lat' dir='ltr'><strong>te,</strong></span> <span class='ocrx_word' id='word_1_10' title='bbox 506 347 533 413; x_wconf 87' lang='lat' dir='ltr'><strong>si</strong></span> <span class='ocrx_word' id='word_1_11' title='bbox 545 370 621 412; x_wconf 83' lang='lat' dir='ltr'><strong>usus</strong></span> <span class='ocrx_word' id='word_1_12' title='bbox 639 347 757 425; x_wconf 77' lang='lat' dir='ltr'><strong>ueniat,</strong></span> <span class='ocrx_word' id='word_1_13' title='bbox 774 347 952 436; x_wconf 74' lang='lat' dir='ltr'><strong>magnifice,</strong></span> <span class='ocrx_word' id='word_1_14' title='bbox 971 346 1136 426; x_wconf 80' lang='lat' dir='ltr'><strong>Chremes,</strong></span> <span class='ocrx_word' id='word_1_15' title='bbox 1148 363 1177 407; x_wconf 73' lang='lat'><strong>4⁵</strong></span> 
     </span>
     <span class='ocr_line' id='line_1_3' title="bbox 254 439 1137 526; baseline 0.003 -24"><span class='ocrx_word' id='word_1_16' title='bbox 254 439 404 506; x_wconf 73' lang='lat' dir='ltr'><strong>Tracttre</strong></span> <span class='ocrx_word' id='word_1_17' title='bbox 413 441 539 526; x_wconf 81' lang='lat' dir='ltr'><strong>possim.</strong></span> <span class='ocrx_word' id='word_1_18' title='bbox 569 440 628 506; x_wconf 77' lang='lat' dir='ltr'><strong>Cn.</strong></span> <span class='ocrx_word' id='word_1_19' title='bbox 639 440 691 507; x_wconf 88' lang='lat' dir='ltr'><strong>De</strong></span> <span class='ocrx_word' id='word_1_20' title='bbox 704 443 794 519; x_wconf 81' lang='lat' dir='ltr'><strong>istoc,</strong></span> <span class='ocrx_word' id='word_1_21' title='bbox 808 463 904 526; x_wconf 91' lang='lat' dir='ltr'><strong>quom</strong></span> <span class='ocrx_word' id='word_1_22' title='bbox 917 464 994 507; x_wconf 83' lang='lat' dir='ltr'><strong>usus</strong></span> <span class='ocrx_word' id='word_1_23' title='bbox 1004 442 1137 520; x_wconf 76' lang='lat' dir='ltr'><strong>uenerit,</strong></span> 
     </span>
     <span class='ocr_line' id='line_1_4' title="bbox 254 533 1055 622; baseline 0.002 -23"><span class='ocrx_word' id='word_1_24' title='bbox 254 533 442 599; x_wconf 75' lang='lat' dir='ltr'><strong>Videbimus</strong></span> <span class='ocrx_word' id='word_1_25' title='bbox 460 535 537 619; x_wconf 92' lang='lat' dir='ltr'><strong>quid</strong></span> <span class='ocrx_word' id='word_1_26' title='bbox 554 536 633 621; x_wconf 80' lang='lat' dir='ltr'><strong>opus</strong></span> <span class='ocrx_word' id='word_1_27' title='bbox 652 534 705 600; x_wconf 83' lang='lat' dir='ltr'><strong>sit:</strong></span> <span class='ocrx_word' id='word_1_28' title='bbox 723 558 809 601; x_wconf 92' lang='lat' dir='ltr'><strong>nunc</strong></span> <span class='ocrx_word' id='word_1_29' title='bbox 825 536 907 601; x_wconf 74' lang='lat' dir='ltr'><strong>ionic</strong></span> <span class='ocrx_word' id='word_1_30' title='bbox 924 559 994 622; x_wconf 80' lang='lat' dir='ltr'><strong>age.</strong></span> <span class='ocrx_word' id='word_1_31' title='bbox 1013 573 1055 582; x_wconf 96' lang='lat'>—</span> 
     </span>
     <span class='ocr_line' id='line_1_5' title="bbox 171 624 1137 714; baseline 0.005 -24"><span class='ocrx_word' id='word_1_32' title='bbox 171 624 226 691; x_wconf 85' lang='lat' dir='ltr'><strong>Sr.</strong></span> <span class='ocrx_word' id='word_1_33' title='bbox 256 628 439 712; x_wconf 56' lang='lat' dir='ltr'><strong>Numquam</strong></span> <span class='ocrx_word' id='word_1_34' title='bbox 449 629 644 694; x_wconf 84' lang='lat' dir='ltr'><strong>commodius</strong></span> <span class='ocrx_word' id='word_1_35' title='bbox 658 629 810 713; x_wconf 75' lang='lat' dir='ltr'><strong>umquam</strong></span> <span class='ocrx_word' id='word_1_36' title='bbox 825 653 912 695; x_wconf 90' lang='lat' dir='ltr'><strong>erum</strong></span> <span class='ocrx_word' id='word_1_37' title='bbox 922 630 1031 694; x_wconf 82' lang='lat' dir='ltr'><strong>audiui</strong></span> <span class='ocrx_word' id='word_1_38' title='bbox 1040 630 1137 714; x_wconf 90' lang='lat' dir='ltr'><strong>loqui,</strong></span> 
     </span>
     <span class='ocr_line' id='line_1_6' title="bbox 102 721 1064 810; baseline 0.001 -23"><span class='ocrx_word' id='word_1_39' title='bbox 102 723 153 777; x_wconf 77' lang='lat'><strong>560</strong></span> <span class='ocrx_word' id='word_1_40' title='bbox 254 721 323 787; x_wconf 90' lang='lat' dir='ltr'><strong>Nec</strong></span> <span class='ocrx_word' id='word_1_41' title='bbox 341 722 437 806; x_wconf 80' lang='lat' dir='ltr'><strong>qudm</strong></span> <span class='ocrx_word' id='word_1_42' title='bbox 454 723 536 787; x_wconf 80' lang='lat' dir='ltr'><strong>male</strong></span> <span class='ocrx_word' id='word_1_43' title='bbox 554 722 659 788; x_wconf 80' lang='lat' dir='ltr'><strong>facere</strong></span> <span class='ocrx_word' id='word_1_44' title='bbox 678 723 838 788; x_wconf 75' lang='lat' dir='ltr'><strong>crederem</strong></span> <span class='ocrx_word' id='word_1_45' title='bbox 854 725 899 787; x_wconf 91' lang='lat' dir='ltr'><strong>mi</strong></span> <span class='ocrx_word' id='word_1_46' title='bbox 915 723 1064 810; x_wconf 83' lang='lat' dir='ltr'><strong>inpimius</strong></span> 
     </span>
     <span class='ocr_line' id='line_1_7' title="bbox 253 815 1178 904; baseline -0.001 -24"><span class='ocrx_word' id='word_1_47' title='bbox 253 815 376 881; x_wconf 73' lang='lat' dir='ltr'><strong>Licere.</strong></span> <span class='ocrx_word' id='word_1_48' title='bbox 394 817 466 901; x_wconf 86' lang='lat' dir='ltr'><strong>quis</strong></span> <span class='ocrx_word' id='word_1_49' title='bbox 484 841 557 881; x_wconf 88' lang='lat' dir='ltr'><strong>nam</strong></span> <span class='ocrx_word' id='word_1_50' title='bbox 575 840 595 880; x_wconf 81' lang='lat' dir='ltr'>a</span> <span class='ocrx_word' id='word_1_51' title='bbox 611 816 702 881; x_wconf 78' lang='lat' dir='ltr'><strong>nobie</strong></span> <span class='ocrx_word' id='word_1_52' title='bbox 720 818 880 904; x_wconf 72' lang='lat' dir='ltr'><strong>egreditur</strong></span> <span class='ocrx_word' id='word_1_53' title='bbox 896 818 1001 884; x_wconf 82' lang='lat' dir='ltr'><strong>foras?</strong></span> <span class='ocrx_word' id='word_1_54' title='bbox 1149 836 1178 879; x_wconf 81' lang='grc' dir='ltr'>ω</span> 
     </span>
    </p>
   </div>
   <div class='ocr_carea' id='block_1_3' title="bbox 99 992 1189 4065">
    <p class='ocr_par' dir='ltr' id='par_1_3' title="bbox 99 992 1189 4065">
     <span class='ocr_line' id='line_1_8' title="bbox 338 992 967 1062; baseline 0.003 -2"><span class='ocrx_word' id='word_1_55' title='bbox 338 992 537 1060; x_wconf 73' lang='lat' dir='ltr'><strong>Cunuuuo</strong></span> <span class='ocrx_word' id='word_1_56' title='bbox 581 992 790 1061; x_wconf 68' lang='lat' dir='ltr'><strong>Ounno</strong></span> <span class='ocrx_word' id='word_1_57' title='bbox 835 1001 967 1062; x_wconf 72' lang='lat' dir='ltr'><strong>Srevs</strong></span> 
     </span>
     <span class='ocr_line' id='line_1_9' title="bbox 384 1102 1143 1159; baseline 0.001 -13"><span class='ocrx_word' id='word_1_58' title='bbox 384 1102 480 1146; x_wconf 78' lang='lat' dir='ltr'><strong>suuux</strong></span> <span class='ocrx_word' id='word_1_59' title='bbox 584 1102 778 1147; x_wconf 72' lang='lat' dir='ltr'><strong>Annuscuuu</strong></span> <span class='ocrx_word' id='word_1_60' title='bbox 841 1103 954 1147; x_wconf 72' lang='lat' dir='ltr'><strong>suevos</strong></span> <span class='ocrx_word' id='word_1_61' title='bbox 1141 1151 1143 1159; x_wconf 68' lang='grc'>,</span> 
     </span>
     <span class='ocr_line' id='line_1_10' title="bbox 170 1181 1189 1271; baseline 0.009 -26"><span class='ocrx_word' id='word_1_62' title='bbox 170 1181 229 1247; x_wconf 76' lang='lat' dir='ltr'><strong>Cn.</strong></span> <span class='ocrx_word' id='word_1_63' title='bbox 253 1181 340 1263; x_wconf 74' lang='lat' dir='ltr'><strong>Quid</strong></span> <span class='ocrx_word' id='word_1_64' title='bbox 364 1183 446 1248; x_wconf 80' lang='lat' dir='ltr'><strong>istuc</strong></span> <span class='ocrx_word' id='word_1_65' title='bbox 467 1183 605 1266; x_wconf 81' lang='lat' dir='ltr'><strong>quaeso?</strong></span> <span class='ocrx_word' id='word_1_66' title='bbox 629 1184 685 1266; x_wconf 83' lang='lat' dir='ltr'><strong>qui</strong></span> <span class='ocrx_word' id='word_1_67' title='bbox 705 1182 776 1248; x_wconf 81' lang='lat' dir='ltr'><strong>istic</strong></span> <span class='ocrx_word' id='word_1_68' title='bbox 802 1206 869 1248; x_wconf 83' lang='lat' dir='ltr'><strong>mos</strong></span> <span class='ocrx_word' id='word_1_69' title='bbox 887 1196 944 1262; x_wconf 86' lang='lat' dir='ltr'><strong>est,</strong></span> <span class='ocrx_word' id='word_1_70' title='bbox 968 1183 1189 1271; x_wconf 81' lang='lat' dir='ltr'><strong>Clitiphoim,e</strong></span> 
     </span>
     <span class='ocr_line' id='line_1_11' title="bbox 592 1272 1179 1362; baseline 0.01 -23"><span class='ocrx_word' id='word_1_71' title='bbox 592 1275 677 1340; x_wconf 82' lang='lat' dir='ltr'><strong>itane</strong></span> <span class='ocrx_word' id='word_1_72' title='bbox 694 1276 764 1341; x_wconf 85' lang='lat' dir='ltr'><strong>fieri</strong></span> <span class='ocrx_word' id='word_1_73' title='bbox 781 1279 923 1362; x_wconf 84' lang='lat' dir='ltr'><strong>oportet?</strong></span> <span class='ocrx_word' id='word_1_74' title='bbox 1173 1272 1179 1282; x_wconf 51' lang='lat'><em>²</em></span> 
     </span>
     <span class='ocr_line' id='line_1_12' title="bbox 170 1368 1136 1456; baseline 0.004 -22"><span class='ocrx_word' id='word_1_75' title='bbox 170 1368 227 1435; x_wconf 77' lang='lat' dir='ltr'><strong>Cu.</strong></span> <span class='ocrx_word' id='word_1_76' title='bbox 255 1370 342 1452; x_wconf 74' lang='lat' dir='ltr'><strong>Quid</strong></span> <span class='ocrx_word' id='word_1_77' title='bbox 360 1391 419 1456; x_wconf 88' lang='lat' dir='ltr'><strong>ego</strong></span> <span class='ocrx_word' id='word_1_78' title='bbox 437 1370 518 1435; x_wconf 79' lang='lat' dir='ltr'><strong>fecii</strong></span> <span class='ocrx_word' id='word_1_79' title='bbox 554 1368 613 1434; x_wconf 81' lang='lat' dir='ltr'><strong>Cu.</strong></span> <span class='ocrx_word' id='word_1_80' title='bbox 637 1369 735 1435; x_wconf 86' lang='lat' dir='ltr'><strong>Vidin</strong></span> <span class='ocrx_word' id='word_1_81' title='bbox 757 1392 818 1456; x_wconf 87' lang='lat' dir='ltr'><strong>ego</strong></span> <span class='ocrx_word' id='word_1_82' title='bbox 839 1383 871 1436; x_wconf 86' lang='lat' dir='ltr'><strong>te</strong></span> <span class='ocrx_word' id='word_1_83' title='bbox 889 1373 983 1437; x_wconf 84' lang='lat' dir='ltr'><strong>mddo</strong></span> <span class='ocrx_word' id='word_1_84' title='bbox 1006 1396 1136 1438; x_wconf 83' lang='lat' dir='ltr'><strong>manum</strong></span> 
     </span>
     <span class='ocr_line' id='line_1_13' title="bbox 590 1463 1009 1531; baseline 0.01 -4"><span class='ocrx_word' id='word_1_85' title='bbox 590 1464 623 1528; x_wconf 93' lang='lat' dir='ltr'><strong>in</strong></span> <span class='ocrx_word' id='word_1_86' title='bbox 640 1463 744 1528; x_wconf 83' lang='lat' dir='ltr'><strong>sinum</strong></span> <span class='ocrx_word' id='word_1_87' title='bbox 762 1464 835 1529; x_wconf 81' lang='lat' dir='ltr'><strong>huic</strong></span> <span class='ocrx_word' id='word_1_88' title='bbox 853 1467 1009 1531; x_wconf 88' lang='lat' dir='ltr'><strong>meretrici</strong></span> 
     </span>
     <span class='ocr_line' id='line_1_14' title="bbox 251 1539 1136 1643; baseline 0.003 -21"><span class='ocrx_word' id='word_1_89' title='bbox 251 1539 420 1642; x_wconf 78' lang='lat' dir='ltr'><strong>ingerere?</strong></span> <span class='ocrx_word' id='word_1_90' title='bbox 439 1555 493 1622; x_wconf 83' lang='lat' dir='ltr'><strong>Sr.</strong></span> <span class='ocrx_word' id='word_1_91' title='bbox 509 1557 592 1621; x_wconf 85' lang='lat' dir='ltr'><strong>Acta</strong></span> <span class='ocrx_word' id='word_1_92' title='bbox 605 1556 683 1622; x_wconf 82' lang='lat' dir='ltr'><strong>haec</strong></span> <span class='ocrx_word' id='word_1_93' title='bbox 696 1558 746 1622; x_wconf 71' lang='lat' dir='ltr'><strong>res</strong></span> <span class='ocrx_word' id='word_1_94' title='bbox 760 1569 821 1623; x_wconf 83' lang='lat' dir='ltr'><strong>est:</strong></span> <span class='ocrx_word' id='word_1_95' title='bbox 836 1558 923 1643; x_wconf 90' lang='lat' dir='ltr'><strong>perii.</strong></span> <span class='ocrx_word' id='word_1_96' title='bbox 948 1557 1005 1624; x_wconf 77' lang='lat' dir='ltr'><strong>Cu.</strong></span> <span class='ocrx_word' id='word_1_97' title='bbox 1018 1559 1136 1626; x_wconf 79' lang='lat' dir='ltr'><strong>Mene?</strong></span> 
     </span>
     <span class='ocr_line' id='line_1_15' title="bbox 591 1648 1066 1740; baseline 0.011 -26"><span class='ocrx_word' id='word_1_98' title='bbox 591 1648 651 1715; x_wconf 80' lang='lat' dir='ltr'><strong>Cu.</strong></span> <span class='ocrx_word' id='word_1_99' title='bbox 671 1650 770 1716; x_wconf 83' lang='lat' dir='ltr'>Hisce</span> <span class='ocrx_word' id='word_1_100' title='bbox 788 1653 897 1730; x_wconf 79' lang='lat' dir='ltr'><strong>oculis,</strong></span> <span class='ocrx_word' id='word_1_101' title='bbox 915 1655 957 1718; x_wconf 72' lang='lat' dir='ltr'><strong>nc</strong></span> <span class='ocrx_word' id='word_1_102' title='bbox 973 1677 1066 1740; x_wconf 84' lang='lat' dir='ltr'><strong>nega.</strong></span> 
     </span>
     <span class='ocr_line' id='line_1_16' title="bbox 99 1744 1135 1832; baseline 0.007 -26"><span class='ocrx_word' id='word_1_103' title='bbox 99 1754 150 1806; x_wconf 80' lang='grc'><strong>565</strong></span> <span class='ocrx_word' id='word_1_104' title='bbox 251 1745 345 1810; x_wconf 81' lang='lat' dir='ltr'><strong>Facis</strong></span> <span class='ocrx_word' id='word_1_105' title='bbox 362 1745 442 1811; x_wconf 71' lang='lat' dir='ltr'><strong>ddeo</strong></span> <span class='ocrx_word' id='word_1_106' title='bbox 460 1744 588 1832; x_wconf 87' lang='lat' dir='ltr'><strong>indigne</strong></span> <span class='ocrx_word' id='word_1_107' title='bbox 601 1744 747 1809; x_wconf 79' lang='lat' dir='ltr'><strong>iniuriam</strong></span> <span class='ocrx_word' id='word_1_108' title='bbox 760 1744 814 1822; x_wconf 86' lang='lat' dir='ltr'><strong>illi,</strong></span> <span class='ocrx_word' id='word_1_109' title='bbox 832 1750 887 1830; x_wconf 86' lang='lat' dir='ltr'><strong>qui</strong></span> <span class='ocrx_word' id='word_1_110' title='bbox 899 1769 964 1813; x_wconf 92' lang='lat' dir='ltr'><strong>non</strong></span> <span class='ocrx_word' id='word_1_111' title='bbox 978 1749 1135 1814; x_wconf 65' lang='lat' dir='ltr'><strong>abstineto</strong></span> 
     </span>
     <span class='ocr_line' id='line_1_17' title="bbox 588 1860 728 1903; baseline 0.007 -1"><span class='ocrx_word' id='word_1_112' title='bbox 588 1860 728 1903; x_wconf 89' lang='lat' dir='ltr'><strong>manum.</strong></span> 
     </span>
     <span class='ocr_line' id='line_1_18' title="bbox 251 1932 1176 2016; baseline -0.002 -19"><span class='ocrx_word' id='word_1_113' title='bbox 251 1932 335 1997; x_wconf 82' lang='lat' dir='ltr'><strong>Nam</strong></span> <span class='ocrx_word' id='word_1_114' title='bbox 352 1932 451 1997; x_wconf 77' lang='lat' dir='ltr'><strong>istaec</strong></span> <span class='ocrx_word' id='word_1_115' title='bbox 468 1932 596 2016; x_wconf 91' lang='lat' dir='ltr'><strong>quidem</strong></span> <span class='ocrx_word' id='word_1_116' title='bbox 615 1933 843 2010; x_wconf 71' lang='lat' dir='ltr'><strong>contumeliaet,</strong></span> <span class='ocrx_word' id='word_1_117' title='bbox 1162 1953 1176 1995; x_wconf 77' lang='lat'>⁵</span> 
     </span>
     <span class='ocr_line' id='line_1_19' title="bbox 251 2025 1135 2111; baseline 0.005 -22"><span class='ocrx_word' id='word_1_118' title='bbox 251 2025 424 2091; x_wconf 77' lang='lat' dir='ltr'><strong>Hominem</strong></span> <span class='ocrx_word' id='word_1_119' title='bbox 433 2027 569 2091; x_wconf 87' lang='lat' dir='ltr'><strong>amicum</strong></span> <span class='ocrx_word' id='word_1_120' title='bbox 578 2027 716 2111; x_wconf 76' lang='lat' dir='ltr'><strong>recipere</strong></span> <span class='ocrx_word' id='word_1_121' title='bbox 726 2026 765 2089; x_wconf 82' lang='lat' dir='ltr'><strong>od</strong></span> <span class='ocrx_word' id='word_1_122' title='bbox 775 2038 806 2092; x_wconf 89' lang='lat' dir='ltr'><strong>te</strong></span> <span class='ocrx_word' id='word_1_123' title='bbox 819 2038 914 2111; x_wconf 83' lang='lat' dir='ltr'><strong>atque</strong></span> <span class='ocrx_word' id='word_1_124' title='bbox 924 2030 991 2094; x_wconf 77' lang='lat' dir='ltr'><strong>ciue</strong></span> <span class='ocrx_word' id='word_1_125' title='bbox 1002 2029 1135 2093; x_wconf 82' lang='lat' dir='ltr'><strong>amicam</strong></span> 
     </span>
     <span class='ocr_line' id='line_1_20' title="bbox 591 2119 773 2206; baseline 0.011 -22"><span class='ocrx_word' id='word_1_126' title='bbox 591 2119 773 2206; x_wconf 73' lang='lat' dir='ltr'><strong>subigitare.</strong></span> 
     </span>
     <span class='ocr_line' id='line_1_21' title="bbox 252 2213 1174 2297; baseline 0.005 -17"><span class='ocrx_word' id='word_1_127' title='bbox 252 2216 312 2281; x_wconf 77' lang='lat' dir='ltr'><strong>Vel</strong></span> <span class='ocrx_word' id='word_1_128' title='bbox 327 2215 395 2279; x_wconf 89' lang='lat' dir='ltr'><strong>heri</strong></span> <span class='ocrx_word' id='word_1_129' title='bbox 408 2214 440 2278; x_wconf 93' lang='lat' dir='ltr'><strong>in</strong></span> <span class='ocrx_word' id='word_1_130' title='bbox 454 2213 528 2278; x_wconf 92' lang='lat' dir='ltr'><strong>uino</strong></span> <span class='ocrx_word' id='word_1_131' title='bbox 542 2235 638 2297; x_wconf 86' lang='lat' dir='ltr'><strong>quam</strong></span> <span class='ocrx_word' id='word_1_132' title='bbox 654 2214 849 2280; x_wconf 81' lang='lat' dir='ltr'><strong>inmodeotus</strong></span> <span class='ocrx_word' id='word_1_133' title='bbox 861 2214 959 2294; x_wconf 82' lang='lat' dir='ltr'><strong>fuisti,</strong></span> <span class='ocrx_word' id='word_1_134' title='bbox 983 2215 1038 2282; x_wconf 83' lang='lat' dir='ltr'><strong>Sr.</strong></span> <span class='ocrx_word' id='word_1_135' title='bbox 1052 2217 1135 2282; x_wconf 84' lang='lat' dir='ltr'><strong>Foc-</strong></span> <span class='ocrx_word' id='word_1_136' title='bbox 1170 2272 1174 2285; x_wconf 84' lang='grc'>,</span> 
     </span>
     <span class='ocr_line' id='line_1_22' title="bbox 590 2305 1066 2391; baseline 0.006 -19"><span class='ocrx_word' id='word_1_137' title='bbox 590 2319 667 2372; x_wconf 88' lang='lat' dir='ltr'><strong>tum.</strong></span> <span class='ocrx_word' id='word_1_138' title='bbox 704 2305 764 2372; x_wconf 78' lang='lat' dir='ltr'><strong>On.</strong></span> <span class='ocrx_word' id='word_1_139' title='bbox 788 2310 884 2391; x_wconf 68' lang='lat' dir='ltr'><strong>quem</strong></span> <span class='ocrx_word' id='word_1_140' title='bbox 901 2309 1066 2374; x_wconf 81' lang='lat' dir='ltr'><strong>molestus!</strong></span> 
     </span>
     <span class='ocr_line' id='line_1_23' title="bbox 250 2381 1134 2486; baseline 0.001 -19"><span class='ocrx_word' id='word_1_141' title='bbox 250 2381 295 2468; x_wconf 69' lang='lat' dir='ltr'><strong>Vt</strong></span> <span class='ocrx_word' id='word_1_142' title='bbox 310 2402 466 2485; x_wconf 85' lang='lat' dir='ltr'><strong>equidem,</strong></span> <span class='ocrx_word' id='word_1_143' title='bbox 484 2402 528 2465; x_wconf 84' lang='lat' dir='ltr'><strong>ita</strong></span> <span class='ocrx_word' id='word_1_144' title='bbox 540 2424 590 2466; x_wconf 90' lang='lat' dir='ltr'><strong>me</strong></span> <span class='ocrx_word' id='word_1_145' title='bbox 604 2401 637 2464; x_wconf 88' lang='lat' dir='ltr'><strong>di</strong></span> <span class='ocrx_word' id='word_1_146' title='bbox 650 2416 766 2478; x_wconf 84' lang='lat' dir='ltr'><strong>ament,</strong></span> <span class='ocrx_word' id='word_1_147' title='bbox 780 2403 888 2478; x_wconf 89' lang='lat' dir='ltr'><strong>metui,</strong></span> <span class='ocrx_word' id='word_1_148' title='bbox 901 2403 979 2486; x_wconf 83' lang='lat' dir='ltr'><strong>quid</strong></span> <span class='ocrx_word' id='word_1_149' title='bbox 993 2405 1134 2468; x_wconf 88' lang='lat' dir='ltr'><strong>futurum</strong></span> 
     </span>
     <span class='ocr_line' id='line_1_24' title="bbox 592 2494 842 2578; baseline 0.004 -20"><span class='ocrx_word' id='word_1_150' title='bbox 592 2495 727 2578; x_wconf 76' lang='lat' dir='ltr'><strong>denique</strong></span> <span class='ocrx_word' id='word_1_151' title='bbox 746 2494 842 2560; x_wconf 77' lang='lat' dir='ltr'><strong>esset!</strong></span> 
     </span>
     <span class='ocr_line' id='line_1_25' title="bbox 99 2588 1135 2677; baseline 0.003 -25"><span class='ocrx_word' id='word_1_152' title='bbox 99 2597 151 2652; x_wconf 81' lang='grc'><strong>570</strong></span> <span class='ocrx_word' id='word_1_153' title='bbox 252 2589 338 2654; x_wconf 80' lang='lat' dir='ltr'><strong>Noui</strong></span> <span class='ocrx_word' id='word_1_154' title='bbox 364 2611 424 2675; x_wconf 86' lang='lat' dir='ltr'><strong>ego</strong></span> <span class='ocrx_word' id='word_1_155' title='bbox 450 2588 597 2654; x_wconf 79' lang='lat' dir='ltr'><strong>amantis:</strong></span> <span class='ocrx_word' id='word_1_156' title='bbox 629 2589 770 2652; x_wconf 75' lang='lat' dir='ltr'><strong>tuimum</strong></span> <span class='ocrx_word' id='word_1_157' title='bbox 796 2589 966 2654; x_wconf 89' lang='lat' dir='ltr'><strong>aduortunt</strong></span> <span class='ocrx_word' id='word_1_158' title='bbox 996 2590 1135 2677; x_wconf 74' lang='lat' dir='ltr'><strong>grduiter</strong></span> 
     </span>
     <span class='ocr_line' id='line_1_26' title="bbox 590 2684 909 2765; baseline 0.006 -19"><span class='ocrx_word' id='word_1_159' title='bbox 590 2702 673 2765; x_wconf 87' lang='lat' dir='ltr'><strong>quae</strong></span> <span class='ocrx_word' id='word_1_160' title='bbox 690 2704 754 2747; x_wconf 91' lang='lat' dir='ltr'><strong>non</strong></span> <span class='ocrx_word' id='word_1_161' title='bbox 772 2684 909 2748; x_wconf 66' lang='lat' dir='ltr'><strong>censeas.</strong></span> 
     </span>
     <span class='ocr_line' id='line_1_27' title="bbox 169 2774 1174 2860; baseline 0.002 -19"><span class='ocrx_word' id='word_1_162' title='bbox 169 2776 226 2841; x_wconf 78' lang='lat' dir='ltr'><strong>Cu.</strong></span> <span class='ocrx_word' id='word_1_163' title='bbox 253 2778 300 2841; x_wconf 80' lang='lat' dir='ltr'><strong>At</strong></span> <span class='ocrx_word' id='word_1_164' title='bbox 317 2777 394 2840; x_wconf 86' lang='lat' dir='ltr'><strong>mihi</strong></span> <span class='ocrx_word' id='word_1_165' title='bbox 411 2777 488 2841; x_wconf 87' lang='lat' dir='ltr'><strong>fides</strong></span> <span class='ocrx_word' id='word_1_166' title='bbox 507 2776 592 2860; x_wconf 84' lang='lat' dir='ltr'><strong>apud</strong></span> <span class='ocrx_word' id='word_1_167' title='bbox 610 2774 694 2840; x_wconf 77' lang='lat' dir='ltr'><strong>hunc</strong></span> <span class='ocrx_word' id='word_1_168' title='bbox 712 2786 768 2853; x_wconf 86' lang='lat' dir='ltr'><strong>est,</strong></span> <span class='ocrx_word' id='word_1_169' title='bbox 790 2777 836 2842; x_wconf 91' lang='lat' dir='ltr'><strong>nil</strong></span> <span class='ocrx_word' id='word_1_170' title='bbox 853 2800 904 2842; x_wconf 92' lang='lat' dir='ltr'><strong>me</strong></span> <span class='ocrx_word' id='word_1_171' title='bbox 925 2777 1015 2842; x_wconf 79' lang='lat' dir='ltr'><strong>istius</strong></span> <span class='ocrx_word' id='word_1_172' title='bbox 1033 2778 1134 2843; x_wconf 83' lang='lat' dir='ltr'><strong>factu·</strong></span> <span class='ocrx_word' id='word_1_173' title='bbox 1148 2799 1174 2838; x_wconf 92' lang='lat'><strong>10</strong></span> 
     </span>
     <span class='ocr_line' id='line_1_28' title="bbox 589 2870 787 2955; baseline 0.015 -22"><span class='ocrx_word' id='word_1_174' title='bbox 589 2870 669 2946; x_wconf 77' lang='lat' dir='ltr'><strong>rum,</strong></span> <span class='ocrx_word' id='word_1_175' title='bbox 688 2882 787 2955; x_wconf 88' lang='lat' dir='ltr'><strong>pater.</strong></span> 
     </span>
     <span class='ocr_line' id='line_1_29' title="bbox 169 2948 1135 3048; baseline 0.002 -19"><span class='ocrx_word' id='word_1_176' title='bbox 169 2962 229 3029; x_wconf 77' lang='lat'><em>011.</em></span> <span class='ocrx_word' id='word_1_177' title='bbox 250 2948 341 3042; x_wconf 72' lang='lat' dir='ltr'><strong>Esto,</strong></span> <span class='ocrx_word' id='word_1_178' title='bbox 355 2975 480 3031; x_wconf 78' lang='lat' dir='ltr'><strong>atcerte</strong></span> <span class='ocrx_word' id='word_1_179' title='bbox 489 2975 525 3029; x_wconf 91' lang='lat' dir='ltr'><strong>ut</strong></span> <span class='ocrx_word' id='word_1_180' title='bbox 534 2963 607 3028; x_wconf 84' lang='lat' dir='ltr'><strong>hinc</strong></span> <span class='ocrx_word' id='word_1_181' title='bbox 616 2964 770 3029; x_wconf 81' lang='lat' dir='ltr'><strong>concedas</strong></span> <span class='ocrx_word' id='word_1_182' title='bbox 783 2965 889 3048; x_wconf 71' lang='lat' dir='ltr'><strong>dliquo</strong></span> <span class='ocrx_word' id='word_1_183' title='bbox 905 2965 946 3029; x_wconf 90' lang='lat' dir='ltr'><strong>ab</strong></span> <span class='ocrx_word' id='word_1_184' title='bbox 960 2987 1012 3030; x_wconf 88' lang='lat' dir='ltr'><strong>oro</strong></span> <span class='ocrx_word' id='word_1_185' title='bbox 1026 2988 1135 3031; x_wconf 89' lang='lat' dir='ltr'><strong>eorum</strong></span> 
     </span>
     <span class='ocr_line' id='line_1_30' title="bbox 591 3057 828 3143; baseline 0.008 -23"><span class='ocrx_word' id='word_1_186' title='bbox 591 3057 828 3143; x_wconf 69' lang='lat' dir='ltr'><strong>dliquantisper.</strong></span> 
     </span>
     <span class='ocr_line' id='line_1_31' title="bbox 252 3151 1136 3239; baseline 0.005 -23"><span class='ocrx_word' id='word_1_187' title='bbox 252 3153 358 3218; x_wconf 74' lang='lat' dir='ltr'><strong>Multa</strong></span> <span class='ocrx_word' id='word_1_188' title='bbox 376 3152 440 3218; x_wconf 78' lang='lat' dir='ltr'><strong>&#39;fert</strong></span> <span class='ocrx_word' id='word_1_189' title='bbox 462 3151 586 3217; x_wconf 82' lang='lat' dir='ltr'><strong>lub1d0:</strong></span> <span class='ocrx_word' id='word_1_190' title='bbox 613 3175 651 3216; x_wconf 82' lang='lat' dir='ltr'><strong>ea</strong></span> <span class='ocrx_word' id='word_1_191' title='bbox 674 3151 778 3217; x_wconf 83' lang='lat' dir='ltr'><strong>facere</strong></span> <span class='ocrx_word' id='word_1_192' title='bbox 800 3151 947 3237; x_wconf 78' lang='lat' dir='ltr'><strong>prohibet</strong></span> <span class='ocrx_word' id='word_1_193' title='bbox 968 3164 1023 3217; x_wconf 83' lang='lat' dir='ltr'><strong>tua</strong></span> <span class='ocrx_word' id='word_1_194' title='bbox 1044 3177 1136 3239; x_wconf 83' lang='lat' dir='ltr'><strong>prae-</strong></span> 
     </span>
     <span class='ocr_line' id='line_1_32' title="bbox 552 3246 701 3310; baseline 0 0"><span class='ocrx_word' id='word_1_195' title='bbox 552 3286 554 3290; x_wconf 80' lang='lat'><em>.</em></span> <span class='ocrx_word' id='word_1_196' title='bbox 590 3246 701 3310; x_wconf 73' lang='lat' dir='ltr'><strong>sentia.</strong></span> 
     </span>
     <span class='ocr_line' id='line_1_33' title="bbox 253 3339 1136 3407; baseline 0.002 -2"><span class='ocrx_word' id='word_1_197' title='bbox 253 3341 305 3405; x_wconf 72' lang='lat' dir='ltr'><strong>De</strong></span> <span class='ocrx_word' id='word_1_198' title='bbox 323 3363 374 3405; x_wconf 91' lang='lat' dir='ltr'><strong>me</strong></span> <span class='ocrx_word' id='word_1_199' title='bbox 387 3339 469 3404; x_wconf 81' lang='lat' dir='ltr'><strong>facio</strong></span> <span class='ocrx_word' id='word_1_200' title='bbox 483 3340 709 3406; x_wconf 80' lang='lat' dir='ltr'><strong>coniecturam:</strong></span> <span class='ocrx_word' id='word_1_201' title='bbox 726 3340 850 3406; x_wconf 73' lang='lat' dir='ltr'><strong>nemost</strong></span> <span class='ocrx_word' id='word_1_202' title='bbox 863 3363 1006 3407; x_wconf 89' lang='lat' dir='ltr'><strong>meorum</strong></span> <span class='ocrx_word' id='word_1_203' title='bbox 1019 3344 1136 3407; x_wconf 82' lang='lat' dir='ltr'><strong>amico-</strong></span> 
     </span>
     <span class='ocr_line' id='line_1_34' title="bbox 591 3434 783 3512; baseline 0.01 -14"><span class='ocrx_word' id='word_1_204' title='bbox 591 3457 662 3498; x_wconf 92' lang='lat' dir='ltr'><strong>rum</strong></span> <span class='ocrx_word' id='word_1_205' title='bbox 680 3434 783 3512; x_wconf 87' lang='lat' dir='ltr'><strong>hodie,</strong></span> 
     </span>
     <span class='ocr_line' id='line_1_35' title="bbox 100 3509 1136 3615; baseline 0 -21"><span class='ocrx_word' id='word_1_206' title='bbox 100 3540 151 3594; x_wconf 79' lang='grc'><strong>575</strong></span> <span class='ocrx_word' id='word_1_207' title='bbox 252 3509 353 3615; x_wconf 73' lang='grc' dir='ltr'><strong>Ᾰρυᾱ</strong></span> <span class='ocrx_word' id='word_1_208' title='bbox 370 3550 464 3612; x_wconf 91' lang='lat' dir='ltr'><strong>quem</strong></span> <span class='ocrx_word' id='word_1_209' title='bbox 480 3549 663 3613; x_wconf 85' lang='lat' dir='ltr'><strong>expromere</strong></span> <span class='ocrx_word' id='word_1_210' title='bbox 682 3529 787 3593; x_wconf 80' lang='lat' dir='ltr'><strong>omnia</strong></span> <span class='ocrx_word' id='word_1_211' title='bbox 803 3551 874 3593; x_wconf 84' lang='lat' dir='ltr'><strong>mec</strong></span> <span class='ocrx_word' id='word_1_212' title='bbox 891 3529 1024 3606; x_wconf 82' lang='lat' dir='ltr'><strong>occidte,</strong></span> <span class='ocrx_word' id='word_1_213' title='bbox 1044 3528 1136 3594; x_wconf 81' lang='lat' dir='ltr'><strong>Cliti-</strong></span> 
     </span>
     <span class='ocr_line' id='line_1_36' title="bbox 592 3621 828 3708; baseline 0 -22"><span class='ocrx_word' id='word_1_214' title='bbox 592 3621 665 3708; x_wconf 92' lang='lat' dir='ltr'><strong>pho,</strong></span> <span class='ocrx_word' id='word_1_215' title='bbox 685 3623 828 3687; x_wconf 74' lang='lat' dir='ltr'><strong>arideum.</strong></span> 
     </span>
     <span class='ocr_line' id='line_1_37' title="bbox 252 3715 1175 3803; baseline 0.003 -23"><span class='ocrx_word' id='word_1_216' title='bbox 252 3716 352 3802; x_wconf 88' lang='lat' dir='ltr'><strong>Apud</strong></span> <span class='ocrx_word' id='word_1_217' title='bbox 369 3716 465 3781; x_wconf 62' lang='lat' dir='ltr'><strong>elium</strong></span> <span class='ocrx_word' id='word_1_218' title='bbox 483 3715 629 3801; x_wconf 87' lang='lat' dir='ltr'><strong>prohibet</strong></span> <span class='ocrx_word' id='word_1_219' title='bbox 646 3716 796 3802; x_wconf 80' lang='lat' dir='ltr'><strong>dignitas3</strong></span> <span class='ocrx_word' id='word_1_220' title='bbox 819 3717 903 3802; x_wconf 80' lang='lat' dir='ltr'><strong>opud</strong></span> <span class='ocrx_word' id='word_1_221' title='bbox 921 3716 1017 3782; x_wconf 65' lang='lat' dir='ltr'><strong>elium</strong></span> <span class='ocrx_word' id='word_1_222' title='bbox 1036 3717 1134 3803; x_wconf 80' lang='lat' dir='ltr'><strong>ipsius</strong></span> <span class='ocrx_word' id='word_1_223' title='bbox 1150 3735 1175 3776; x_wconf 79' lang='lat'><strong>15</strong></span> 
     </span>
     <span class='ocr_line' id='line_1_38' title="bbox 575 3808 791 3896; baseline 0.009 -23"><span class='ocrx_word' id='word_1_224' title='bbox 575 3808 666 3874; x_wconf 51' lang='lat' dir='ltr'><strong>¹facti</strong></span> <span class='ocrx_word' id='word_1_225' title='bbox 683 3811 791 3896; x_wconf 87' lang='lat' dir='ltr'><strong>pudet,</strong></span> 
     </span>
     <span class='ocr_line' id='line_1_39' title="bbox 253 3903 1135 3989; baseline 0.001 -21"><span class='ocrx_word' id='word_1_226' title='bbox 253 3904 303 3968; x_wconf 89' lang='lat' dir='ltr'><strong>Ne</strong></span> <span class='ocrx_word' id='word_1_227' title='bbox 312 3903 447 3989; x_wconf 70' lang='lat' dir='ltr'><strong>ineptus,</strong></span> <span class='ocrx_word' id='word_1_228' title='bbox 461 3927 502 3968; x_wconf 92' lang='lat' dir='ltr'><strong>ne</strong></span> <span class='ocrx_word' id='word_1_229' title='bbox 516 3905 681 3988; x_wconf 78' lang='lat' dir='ltr'><strong>protdruos</strong></span> <span class='ocrx_word' id='word_1_230' title='bbox 695 3905 818 3969; x_wconf 87' lang='lat' dir='ltr'><strong>uidear:</strong></span> <span class='ocrx_word' id='word_1_231' title='bbox 832 3905 919 3988; x_wconf 82' lang='lat' dir='ltr'><strong>qudd</strong></span> <span class='ocrx_word' id='word_1_232' title='bbox 931 3905 1021 3968; x_wconf 90' lang='lat' dir='ltr'><strong>illum</strong></span> <span class='ocrx_word' id='word_1_233' title='bbox 1031 3903 1135 3969; x_wconf 86' lang='lat' dir='ltr'><strong>facere</strong></span> 
     </span>
     <span class='ocr_line' id='line_1_40' title="bbox 590 3999 717 4065; baseline 0.016 -2"><span class='ocrx_word' id='word_1_234' title='bbox 590 3999 717 4065; x_wconf 75' lang='lat' dir='ltr'><strong>credito,</strong></span> 
     </span>
    </p>
   </div>
   <div class='ocr_carea' id='block_1_4' title="bbox 0 0 1308 4432">
    <p class='ocr_par' dir='ltr' id='par_1_4' title="bbox 0 0 1308 4432">
     <span class='ocr_line' id='line_1_41' title="bbox 0 0 1308 4432; baseline 0 0"><span class='ocrx_word' id='word_1_235' title='bbox 0 0 1308 4432; x_wconf 95' lang='lat' dir='ltr'><strong> </strong></span> 
     </span>
    </p>
   </div>
  </div>
 </body>
</html>
