2602 4432
103 248 173 322 11,3
405 246 591 306 HEAVTON
609 247 888 306 TIMORVMENOS
1084 234 1126 300 63

243 371 399 459 ΡΝόροΜε
418 371 495 456 quid
508 371 592 436 stae?
614 369 703 437 ΟΜΝ.
721 372 793 437 Vae
806 371 923 437 misero
935 373 989 449 mi,
1007 375 1127 457 quinte
1143 385 1195 440 250

581 464 621 530 de
639 488 695 550 spe
714 465 831 531 decidii

117 580 145 621 ιο
159 558 247 627 ΟΜΝ.
266 558 354 642 Quid
370 559 471 624 istuc?
492 580 574 643 quae
595 582 647 624 ree
668 561 699 624 te
718 560 864 625 sollicitat
885 561 1011 627 autem?
1036 559 1125 626 ΟΜΝ.

581 653 714 740 Rogitas
732 655 810 737 quid
827 655 906 720 siet?

244 748 350 816 Viden
367 747 421 813 tu?
443 746 573 813 ancillas
587 748 699 812 aurum
712 759 844 826 uestem,
862 752 958 833 quem
975 771 1036 836 ego
1054 771 1127 815 eum

552 896 556 904 .
582 863 648 906 una
665 841 815 907 ancillula

242 936 308 1002 Hie
320 935 442 1020 reliqui,
459 936 546 1001 unde
560 938 587 1000 ei
599 937 669 1001 esse
683 937 812 1002 censes?
839 934 927 1003 ΟΜΝ.
944 936 1029 1014 Veh,
1042 959 1127 1003 nune

583 1029 711 1096 demum
727 1031 889 1118 intellego.

159 1121 216 1190 Su.
242 1124 288 1188 Di
304 1123 390 1202 boni,
409 1123 486 1207 quid
500 1123 654 1188 turbaesti
673 1125 768 1190 aedes
781 1126 908 1190 nestrae
921 1124 977 1189 uix
991 1125 1126 1211 capient,

583 1239 659 1283 selo.

244 1309 332 1393 Quid
362 1310 542 1378 comedenti
573 1311 650 1395 quid
681 1311 824 1377 ebibent!
856 1312 933 1396 quid
963 1315 1038 1379 eene
1068 1313 1126 1379 erit
1143 1322 1191 1379 255

581 1416 689 1470 nostro
706 1405 872 1470 miserius?

245 1497 311 1566 sed
324 1520 416 1565 eeeos
433 1499 527 1565 uideo
540 1501 620 1584 ques
634 1500 790 1565 uolebam.
818 1498 908 1565 ΟΜΝ.
926 1497 959 1565 0
973 1500 1127 1586 Iuppiter,

581 1593 637 1658 ubi
654 1596 758 1658 nemet
774 1593 873 1659 fides?

242 1686 332 1752 Dum
350 1707 410 1772 ego
427 1687 556 1772 prepter
573 1697 604 1752 te
623 1710 730 1752 errans
752 1687 855 1772 petria
876 1708 968 1753 careo
986 1687 1126 1766 demens,

583 1791 618 1845 tu
634 1781 755 1846 interes
771 1780 833 1845 loci

245 1871 514 1959 Conlieupleteeti
537 1886 578 1952 te,
604 1855 783 1960 Antiphila,
810 1885 841 1940 et
867 1898 918 1940 me
944 1875 977 1940 iu
1002 1874 1051 1940 his
1073 1876 1128 1941 de·

585 1969 710 2034 seruieti
726 1968 827 2044 malis,

230 2059 378 2146 ,Propter
391 2082 487 2144 quam
499 2060 533 2126 in
547 2084 671 2126 summa
682 2061 814 2126 infimis
827 2084 898 2126 eum
915 2072 947 2128 et
960 2064 1030 2127 med
1044 2063 1126 2148 patri

580 2156 684 2220 minus
703 2178 773 2220 sum
792 2155 984 2239 6bsequene:

124 2272 127 2289 ν·
244 2246 368 2329 Quoius
394 2248 479 2312 nime
505 2248 604 2333 pudet
630 2272 680 2314 me
707 2260 738 2314 et
763 2251 904 2326 miseret,
932 2249 987 2332 qui
1013 2250 1125 2314 harum
1142 2252 1194 2308 260

582 2344 685 2408 meres
704 2343 852 2407 cantabit
868 2342 956 2419 mihi,

241 2434 407 2500 Monuisse
425 2435 542 2500 frustra
559 2438 663 2519 neque
677 2459 750 2501 eum
766 2436 906 2522 potuisse
919 2437 1070 2520 umquem
1084 2438 1125 2502 ab

581 2529 642 2594 hac
659 2552 710 2595 me
727 2530 888 2615 aspellere.

243 2621 340 2704 Quod
365 2625 471 2689 temen
497 2645 583 2689 nune
609 2623 738 2701 faciam3
768 2624 851 2702 tum,
877 2645 974 2708 quom
999 2635 1125 2710 gratum

581 2717 659 2782 mihi
676 2741 745 2784 esee
762 2718 873 2803 potuit,
892 2718 988 2783 ndlui.

242 2810 375 2876 Nemest
396 2811 537 2876 miserior
559 2834 620 2876 me.
657 2811 712 2878 Su.
734 2812 799 2876 Hie
820 2812 860 2877 de
882 2811 996 2876 nostris
1018 2812 1124 2878 uerbis

579 2915 662 2970 errat
679 2904 840 2981 uidelicet,¹

242 2996 334 3080 Quae
351 2998 403 3064 hie
420 2999 528 3063 sumus
545 2999 652 3063 locuti.
690 2997 804 3075 Clinia,
822 2999 912 3064 aliter
929 3000 1017 3064 tuom
1035 3021 1122 3065 amo·

580 3114 648 3157 rem
666 3103 761 3175 atque
779 3103 837 3170 est,
854 3091 985 3177 decipis:

239 3185 273 3252 N
273 3210 324 3250 am
335 3197 366 3251 et
375 3189 469 3250 uitast
480 3186 591 3252 eadem
601 3197 632 3252 et
645 3186 769 3251 enimus
779 3196 810 3252 te
824 3209 901 3272 erga
914 3187 998 3251 idem
1007 3189 1044 3252 ee
1053 3188 1122 3265 fuit,
1139 3191 1192 3248 265

116 3297 144 3340 es
242 3278 406 3361 Quantum
424 3283 464 3346 ex
480 3279 550 3365 ipsa
567 3302 601 3345 re
620 3281 832 3346 eenieeturam
848 3280 991 3345 fecimus.

156 3373 245 3439 ΟΜΝ.
264 3372 352 3455 Quid
379 3385 426 3439 est
453 3373 602 3440 ebsecro?
635 3398 709 3438 nam
735 3374 811 3438 mihi
837 3396 922 3439 nune
948 3375 992 3438 nil
1018 3367 1122 3440 rerum

579 3468 749 3532 emniumet

242 3560 339 3642 Quod
355 3560 463 3625 milim
481 3582 577 3644 quam
596 3584 647 3626 me
665 3561 726 3626 hoe
742 3561 822 3626 feiso
840 3560 1036 3646 suspieirier.

156 3654 212 3721 Su.
239 3657 312 3721 Hoc
321 3657 467 3741 primum,
481 3667 517 3721 ut
525 3677 566 3720 ne
575 3655 653 3739 quid
660 3653 754 3719 huius
762 3677 868 3719 rerum
877 3655 1017 3740 ignores:
1032 3678 1121 3733 anus,

240 3747 333 3830 Quae
353 3760 400 3813 eet
418 3749 501 3813 dieta
517 3760 619 3813 meter
636 3752 705 3815 esse
723 3748 752 3814 ei
770 3749 913 3826 antehae,
931 3750 995 3813 n6n
1012 3750 1086 3827 fuit3
1138 3753 1189 3810 270

115 3862 143 3906 eu
241 3843 292 3907 Ea
310 3842 387 3908 ‹ibiit
405 3853 547 3908 mortem.
570 3843 631 3907 hoe
647 3846 717 3928 ipsa
734 3842 766 3907 in
784 3842 894 3908 itinere
912 3843 1028 3909 alterae

240 3937 340 4005 Dum'
355 3939 472 4014 serrat,
502 3936 731 4097 fmeslaufflpffi'
776 3935 863 4004 ΟΜΝ.
895 3934 987 4020 Quae
1018 3946 1122 4004 namet

609 4042 676 4098 tera
