2602 4432
108 220 202 286 003
535 223 743 290 EVNVCHVS
1063 215 1125 282 139

245 349 281 417 Si
299 353 358 430 uis,
375 353 439 418 ism
457 353 555 419 frater
570 355 639 439 ipse
656 353 708 418 hic
725 351 826 419 aderit
843 351 974 439 uirginis
980 378 989 431 ;

243 446 407 512 Nutricem
425 448 611 513 accersitum
632 447 678 523 iit,
700 467 783 531 quse
804 447 890 512 illam
913 447 991 512 aluit
1012 449 1126 532 prirno-

581 542 657 605 lam:

243 634 282 698 In
300 635 519 721 cognoscendo
536 636 602 701 trite
619 636 688 720 ipse
707 633 820 711 aderis,
840 632 993 700 Chaerea.

119 743 145 784 oo
159 724 217 792 ΟΗ.
241 727 313 813 Ego
331 731 408 793 uero
426 751 548 794 maneo.
592 729 652 793 ΤΗ.
671 729 735 794 Vin
752 727 882 805 interea,
901 727 976 792 dim
993 727 1091 803 uenit,

241 821 340 885 Domi
357 823 557 908 dpperiamur
574 822 680 907 pdtius
698 843 794 904 quam
812 822 863 886 hic
880 833 952 886 ante
969 821 1103 886 ostium?
1141 825 1193 880 895

159 911 220 978 Cn.
242 915 343 980 Immd
360 917 520 1002 percupio.
563 914 623 980 Pr.
642 916 748 996 Quom
770 927 805 980 tu
823 938 888 981 rem
907 927 1016 982 actura
1034 915 1124 981 obse-

224 1031 227 1036 ·
580 1030 633 1073 ero
651 1009 703 1073 esi

157 1100 217 1166 ΤΗ.
239 1101 324 1166 Nam
345 1102 423 1186 quid
449 1103 511 1167 ita?
550 1101 610 1166 Pr.
634 1102 786 1186 Rogitas?
812 1101 897 1166 himo
918 1112 953 1167 tu
978 1101 1012 1166 in
1038 1101 1124 1168 aedis

581 1195 699 1281 cogitas

241 1288 395 1375 Recipere
421 1288 571 1374 posthac?
605 1288 665 1352 ΤΗ.
693 1288 784 1370 Quor
808 1290 891 1353 non?
929 1288 990 1354 Pr.
1019 1287 1123 1354 Crede

579 1382 639 1447 hoc
657 1383 746 1447 meae
763 1383 836 1460 fide,

116 1492 143 1535 so
240 1476 341 1541 Dabit
358 1475 409 1541 hio
427 1498 568 1562 pugnam
586 1477 724 1560 aliquam
742 1476 856 1542 denuo.
891 1476 952 1543 ΤΗ.
973 1479 1036 1554 ΑΗ,
1054 1490 1123 1543 tace
1228 1486 1231 1492 '

577 1570 717 1635 dbsecro.

153 1661 213 1727 Pr.
240 1663 359 1727 Parrim
376 1663 574 1749 perspexisse
591 1665 659 1729 eius
676 1663 785 1730 uidere
803 1664 977 1729 auddciam.
1140 1670 1193 1726 900

156 1755 216 1821 Cri.
238 1757 311 1822 Non
331 1757 457 1834 ficiam,
479 1756 623 1842 Pythiits.
666 1756 726 1822 Pr.
744 1757 818 1822 Non
840 1759 945 1836 credo,
968 1755 1122 1837 Chadreo,

240 1851 309 1916 Nisi
327 1854 355 1916 si
372 1852 572 1916 commissum
595 1853 657 1916 ndn
676 1852 744 1916 erit.
784 1848 843 1916 ΟΗ.
862 1850 960 1933 Quin,
978 1853 1121 1938 Pythias,

239 1945 290 2009 Tu
308 1948 359 2011 md
377 1956 512 2010 seruato.
555 1946 615 2010 Pr.
633 1945 746 2028 Neque
764 1946 817 2030 pol
835 1947 1026 2010 seruandim
1044 1947 1101 2011 tibi

115 2057 142 2099 cs
240 2039 418 2124 Quicquam
434 2038 510 2104 dare
527 2039 628 2103 ausim
642 2041 745 2123 neque
760 2050 791 2104 te
804 2062 946 2104 seruare:
964 2043 1067 2126 dpage
1081 2052 1121 2106 te.

154 2133 213 2198 ΤΗ.
237 2133 340 2200 Adest
357 2136 484 2220 optume
501 2133 568 2218 ipse
590 2133 696 2198 frites.
741 2131 801 2198 Cn.
819 2132 907 2198 Perii
924 2132 1042 2199 hercles
1066 2135 1122 2200 db·
1138 2139 1191 2194 905

576 2249 665 2293 secro

237 2321 402 2386 Abeitmus
420 2320 513 2398 intro,
530 2320 643 2386 Thd'r's:
661 2322 735 2386 nolo
752 2343 804 2386 me
820 2323 854 2385 in
871 2320 925 2385 uia

239 2414 324 2480 Cum
342 2416 403 2481 hac
425 2417 513 2481 ueste
535 2415 652 2481 uideat.
696 2416 749 2481 Pr.
773 2414 880 2496 Quam
902 2415 942 2480 ob
963 2438 1031 2482 rem
1052 2426 1121 2482 tan-

576 2509 667 2575 dem?
689 2533 730 2573 an
747 2511 823 2593 quia
839 2509 956 2595 pudet?

154 2603 213 2669 Cn.
236 2603 275 2668 Id
300 2603 414 2688 ipsum.
462 2602 521 2669 Pr.
548 2602 588 2667 Id
613 2603 738 2688 ipsum?
768 2603 860 2689 uirgo
885 2602 981 2687 ueroi
1019 2603 1080 2668 ΤΗ.
1102 2603 1120 2668 Ι

575 2697 661 2780 prad,
680 2717 804 2779 sequor.

113 2810 139 2854 to
236 2790 288 2854 Tu
306 2789 376 2854 istic
394 2812 497 2867 mone,
515 2799 550 2853 ut
565 2787 735 2856 Chremem
752 2791 835 2855 intro
849 2789 957 2868 ducos,
975 2789 1118 2876 Pythias.

264 3053 451 3119 Prrnrss
516 3051 715 3119 canonos
778 3052 1004 3122 sorssors

291 3170 421 3213 dromos
513 3169 708 3213 mrcrscrrs
830 3171 942 3214 rvmm

98 3280 126 3330 v.
138 3260 213 3325 cPr.
237 3258 334 3340 Quid,
353 3258 428 3341 quid
445 3257 555 3323 uenire
572 3257 604 3322 in
622 3258 760 3323 mentem
778 3281 862 3323 nunc
880 3260 979 3344 possit
995 3258 1083 3336 mihi,
1134 3266 1187 3322 910

237 3352 324 3433 Quid
341 3354 426 3429 nim,
444 3351 499 3436 qui
516 3350 650 3416 referam
669 3352 823 3437 sderilego
840 3353 883 3417 illi
903 3352 1047 3438 grdtiam,

235 3445 301 3527 Qui
327 3445 411 3511 huno
438 3445 615 3532 stipposiuit
639 3446 749 3510 nobis?
793 3444 852 3512 Cn.
879 3447 980 3511 Moue
1006 3459 1036 3512 te
1062 3469 1118 3513 oro

574 3540 671 3618 ocius,

233 3633 310 3698 Mea
336 3633 451 3697 nirtrix.
501 3631 557 3699 So.
584 3633 714 3699 Moneo.
762 3631 822 3698 Cn.
849 3632 963 3711 Video,
990 3634 1046 3699 sed
1072 3634 1115 3699 nil

571 3727 747 3812 prdrnoues.

123 3821 207 3886 cPr.
237 3822 345 3886 [amne
363 3820 523 3885 ostendisti
543 3823 634 3907 signa
652 3819 784 3885 nutrici?
819 3817 878 3884 ΟΗ.
898 3798 1025 3885 Omnia.

148 3917 207 3981 Pr.
234 3915 377 3992 Amdbo,
411 3915 488 3999 quid
520 3917 580 3980 ait?
615 3914 834 4000 cognoscitne?
878 3912 938 3978 Cn.
970 3916 1021 3979 Ac
1051 3915 1116 3981 md·
1133 3922 1185 3978 015

571 4008 708 4073 moriter.
