2602 4432
113 243 193 318 1v‚1
573 237 729 301 HECYRA
1071 226 1135 295 219

249 366 363 434 Potius
381 388 478 452 quam
496 367 651 433 aduorsirs
673 366 849 433 lubidinem
870 363 967 430 animi
988 364 1036 431 tui
1053 377 1136 431 esset

590 483 663 528 cum
679 461 734 526 illo
751 458 865 547 nupta!
1057 472 1062 482 '

126 573 153 615 ao
249 539 323 641 ligo
337 555 432 621 etiam
444 554 571 621 iliorum
585 557 654 621 esse
669 555 751 621 hanc
764 556 889 640 eulpam
903 553 1036 632 credidi,
1053 575 1135 638 quae
1152 567 1204 623 535

588 661 621 715 te
637 651 686 714 est
702 671 809 736 penes.

164 742 232 808 Mr.
250 743 372 808 Misera
398 765 479 809 sum.
522 743 583 809 Pu.
605 743 736 810 Vtinam
763 744 861 808 sciam
882 742 928 807 ita
949 763 1019 807 esse
1039 739 1135 806 istuei

590 836 647 901 sed
664 859 750 902 nuno
772 835 816 901 mi
832 835 867 900 in
889 837 1028 901 mentem
1049 834 1137 900 uenit

249 929 303 996 De
320 929 381 996 hac
398 952 433 996 re
447 931 532 1015 quod
550 929 656 996 loodta
673 951 707 995 es
721 929 806 1007 olim,
823 951 920 1014 quom
932 929 1023 993 iilum
1040 951 1137 1016 gene-

589 1046 661 1088 rum
679 1023 835 1109 cepimus:

250 1116 334 1182 Nam
350 1119 492 1204 negabas
509 1117 642 1203 niptam
659 1139 753 1203 posse
770 1117 871 1182 ffliam
888 1128 976 1182 tuam
993 1117 1025 1182 te
1041 1117 1108 1203 pati

251 1208 335 1274 Cim
361 1232 398 1276 eo
416 1211 471 1297 qui
493 1211 689 1277 meretricem
711 1222 841 1289 amaret,
864 1213 919 1295 qui
939 1211 1139 1297 pernoctaret

590 1304 678 1370 foris.

127 1395 234 1461 aMr.
254 1396 412 1478 Quamuis
443 1420 571 1464 causam
607 1397 693 1463 huno
727 1397 880 1483 sispicari
910 1419 1006 1482 quam
1035 1400 1138 1484 ipsam
1155 1400 1207 1458 540

405 1510 408 1515 ’
590 1515 700 1558 ueram
717 1493 854 1557 minoio.

166 1583 229 1649 ΡΗ.
251 1585 358 1650 Mtlto
376 1585 464 1672 prius
487 1586 567 1652 sciui
584 1607 681 1670 quam
698 1597 733 1651 tu
749 1584 840 1651 illum
857 1585 974 1652 habere
992 1585 1137 1668 amicam,

587 1680 748 1766 Myrrina3

252 1772 373 1840 Verum
404 1774 437 1839 id
468 1773 581 1838 uitium
614 1775 788 1858 nimquam
820 1774 948 1840 decreui
977 1775 1047 1840 <isse
1077 1795 1138 1860 ego

592 1867 840 1945 adulesoentiae3

251 1960 337 2025 Nam
353 1961 387 2026 id
404 1960 588 2027 innatumst.
623 1963 656 2025 tit
672 1962 727 2047 pol
744 1961 808 2026 iam
826 1960 936 2038 aderit,
959 1962 994 2027 se
1011 1983 1139 2047 quoquo

592 2055 686 2120 etiam
704 2076 800 2139 quom
819 2055 928 2121 ‹iderit

253 2147 320 2214 Sed
337 2159 374 2212 ut
392 2149 467 2214 olim
489 2160 521 2214 te
543 2147 717 2225 ostendisti,
740 2149 851 2214 eadem
877 2172 946 2215 esse
967 2150 1013 2215 nil
1035 2172 1139 2215 cessa-

591 2241 667 2306 uisti
682 2242 785 2326 iisque
802 2242 916 2319 adhuc,

252 2335 296 2400 Vt
314 2335 414 2400 filiam
432 2335 473 2400 ab
492 2356 530 2401 eo
548 2335 721 2400 abdiceres
738 2357 801 2400 neu
819 2337 905 2419 quod
923 2358 984 2422 ego
1002 2337 1138 2422 egissem
1156 2342 1207 2397 545

593 2429 676 2494 esset
692 2439 806 2493 ratum.

252 2521 292 2586 Id
308 2523 457 2587 minores
471 2520 622 2586 indicium
637 2522 716 2587 haec
729 2522 815 2599 iacit,
834 2544 898 2607 quo
911 2525 1004 2608 picto
1018 2523 1138 2590 iactum

591 2615 738 2681 uolueris.

167 2709 234 2774 Mr.
251 2690 367 2773 Adeon
376 2732 427 2774 me
437 2731 507 2774 esse
516 2708 715 2795 peruicaoem
723 2710 843 2787 censes,
853 2709 929 2792 quoi
939 2711 1041 2775 mater
1048 2711 1137 2789 siem,

252 2783 298 2869 Vt
319 2825 357 2868 eo
380 2826 481 2868 essem
503 2802 619 2879 animo,
646 2803 673 2867 si
698 2803 740 2868 ex
760 2826 822 2868 usu
843 2817 927 2869 esset
947 2808 1054 2870 mistro
1077 2805 1138 2871 hoc
1203 2859 1206 2866 Δ

592 2895 845 2962 matrimtinium?

105 3073 109 3080 ι
167 2992 229 3056 Prr.
251 2991 324 3054 Tim
342 2991 522 3077 prospicere
540 3001 594 3056 aut
611 2991 751 3056 iiidicare
766 2993 907 3057 nostram
921 2991 955 3056 in
972 3014 1038 3059 rem
1051 2993 1138 3077 quod

593 3085 632 3149 sit
649 3085 758 3170 potes?

129 3199 156 3240 rc
255 3178 382 3243 Addisti
396 3201 436 3243 ex
450 3178 555 3262 aliquo
569 3178 712 3256 fortasse,
730 3180 786 3263 qui
802 3177 921 3244 uidisse
935 3202 1006 3244 eum
1021 3180 1138 3245 diceret
1152 3195 1206 3250 550

253 3274 434 3337 Exeuntem
461 3283 516 3337 aut
540 3274 623 3337 intro
649 3283 776 3338 euntem
806 3273 848 3337 ad
878 3275 1021 3337 amicam.
1060 3273 1137 3357 quid

594 3378 661 3430 tum
679 3366 807 3452 postea?

254 3461 291 3528 Si
315 3461 456 3526 modeste
483 3481 521 3525 ae
547 3463 617 3525 raro
642 3460 716 3524 fecit
741 3458 860 3546 [haeo],
886 3460 989 3525 ndnne
1014 3483 1053 3526 ea
1074 3460 1138 3526 dis·

593 3554 741 3620 simulare
758 3575 815 3618 nos

253 3648 362 3734 Magis
384 3647 589 3712 humanumst
610 3650 706 3730 quam
731 3648 807 3712 dare
832 3669 961 3734 operam
987 3648 1020 3712 id
1046 3649 1136 3726 scire,

593 3741 649 3824 qui
665 3763 723 3806 nos
740 3741 859 3807 oderit?

255 3835 338 3898 Nom
356 3834 382 3898 si
400 3835 427 3900 is
444 3846 551 3921 posset
572 3835 614 3898 ab
631 3857 670 3899 ea
686 3856 756 3900 sese
773 3835 943 3920 derepente
960 3835 1107 3911 auellere,

169 3980 172 3988 .
224 3922 226 3925 ’
256 3929 403 4009 Quacum
421 3940 466 3993 tot
485 3930 667 3993 consuesset
684 3950 794 4008 annos,
810 3930 872 3993 ntin
890 3951 964 3994 eum
978 3927 1136 3994 hominem
1155 3935 1206 3992 555

595 4021 747 4087 dicerem
