2602 4432
102 238 186 314 111,1
401 238 588 298 HEAVTON
605 236 883 297 rmonvnuuos
1082 222 1122 290 ’11

240 362 353 428 Omnis
372 362 518 428 sollicitos
536 362 656 440 hebuit,
674 374 768 447 atque
786 361 946 428 haeceine
963 383 1037 426 nox.

242 456 330 539 Quid
348 459 380 522 te
397 456 540 522 futurum
559 457 678 533 censes,
696 477 791 541 quem
809 456 940 521 adsidue
958 456 1111 521 exedent?

242 550 298 617 Sic
314 551 365 616 me
383 551 415 615 di
432 551 595 628 amabunt,
611 551 647 614 111
664 573 716 614 me
733 561 858 614 tuarum
876 550 1090 627 miseritumst,

240 644 441 722 Menedeme,
459 644 667 709 fortunerum.
710 644 778 709 Mn.
796 644 907 709 Faciat
925 643 1101 728 quidlubet:

243 737 356 803 Sumet
374 749 539 803 consumat
555 738 676 824 perdat,
695 737 887 802 decretumst
903 739 979 823 pati,
1140 744 1192 798 465

240 831 330 897 Dum
351 832 440 898 illem
462 831 556 896 modo
577 831 711 896 habeam
733 833 866 897 mecum.
911 829 970 895 Cn.
999 830 1036 896 Si
1057 853 1124 897 cer-

581 926 677 989 tumst
695 925 753 989 tibi

243 1017 298 1084 Sic
315 1019 429 1096 fecere,
448 1018 526 1083 illud
542 1017 706 1103 permegui
724 1018 857 1084 referre
874 1018 1017 1096 cirbitror,

241 1114 286 1179 Vt
304 1115 343 1177 ne
362 1112 512 1177 scientem
530 1111 643 1176 sentiat
662 1125 693 1175 te
709 1111 743 1175 id
760 1112 820 1176 sibi
838 1112 923 1177 dare.

116 1204 223 1269 cha.
242 1203 330 1286 Quid
355 1205 489 1271 seciam?
537 1201 596 1268 Cu.
623 1202 760 1286 Quiduis
786 1206 890 1290 petius
916 1227 1012 1289 quam
1038 1205 1124 1288 quod

577 1299 712 1383 cegitas:

241 1391 306 1456 Per
322 1391 419 1456 elium
436 1390 581 1475 quemuis
598 1392 633 1455 111
651 1391 716 1468 des,
735 1391 801 1455 falli
820 1391 852 1456 te
869 1391 954 1456 sinas
1140 1391 1192 1446 470

240 1485 389 1551 Techinis
407 1508 464 1570 per
481 1485 655 1560 seruolum3
673 1485 732 1550 etsi
749 1485 894 1550 subsensi
910 1485 943 1549 id
961 1506 1097 1569 quoque,

240 1579 317 1645 llles
334 1578 379 1643 ibi
397 1602 475 1655 esse,
493 1579 526 1642 id
543 1581 638 1664 egere
656 1579 737 1643 inter
754 1601 788 1642 se
807 1579 995 1644 cleneulum.

242 1671 343 1757 Syrus
362 1695 433 1737 cum
450 1673 504 1736 illo
521 1682 628 1737 uestro
647 1674 880 1749 censusurrant,
898 1672 1064 1739 censerunt

243 1765 383 1831 Consilia
400 1766 441 1831 ad
459 1766 667 1831 adulescentis
673 1790 682 1843 ;
701 1778 732 1830 et
749 1765 806 1829 tibi
824 1766 954 1851 perdere

240 1860 411 1926 Talentum
428 1861 488 1925 hoc
506 1873 598 1945 pacto
617 1860 715 1924 setius
737 1874 783 1924 est
802 1881 897 1942 quam
919 1861 972 1926 ille
995 1861 1122 1927 minam.
1139 1871 1191 1926 475

242 1953 316 2018 Non
334 1956 417 2019 minc
435 1953 569 2040 pecunia
586 1952 700 2038 egitur,
718 1954 774 2018 sed
792 1953 951 2037 illudque
969 1954 1064 2019 modo

241 2047 388 2113 Minume
406 2049 523 2134 periclo
541 2047 575 2111 id
593 2048 704 2111 demus
722 2047 965 2112 adulescentulo.

241 2139 325 2206 Nam
344 2143 370 2205 si
389 2142 485 2206 semel
503 2152 590 2205 tuom
608 2141 749 2205 enimum
767 2141 819 2205 ille
836 2141 1032 2220 intellexerit,

241 2233 336 2299 Prius
353 2235 550 2321 prediturum
568 2237 599 2300 te
618 2246 706 2299 tuam
725 2236 825 2299 uitam
843 2238 873 2299 et
891 2236 977 2320 prius

241 2328 414 2393 Pecuniam
424 2353 559 2405 omnem,
569 2351 665 2412 quam
674 2329 732 2393 ebs
741 2341 772 2394 te
787 2330 912 2394 amittas
926 2328 1041 2394 silium:
1056 2330 1122 2408 hui,
1139 2339 1192 2392 480

243 2421 405 2504 Quantem
423 2424 594 2487 fenestram
612 2424 653 2487 ad
670 2424 843 2506 nequitiem
861 2424 1058 2509 patefeceris,

242 2516 316 2580 Tibi
334 2518 439 2582 alitem
457 2539 551 2602 porro
569 2526 605 2580 111
622 2519 686 2581 nen
704 2516 745 2580 sit
763 2540 861 2581 suane
880 2517 1003 2582 uiuere!

242 2609 325 2674 Nam
344 2611 513 2676 deteriores
531 2609 640 2674 emnes
659 2633 767 2675 sumus
785 2610 920 2675 licentia.

243 2701 355 2790 [Quod
385 2704 523 2789 quoique
552 2725 713 2788 quomque
738 2704 882 2769 inciderit
911 2705 945 2768 in
975 2716 1122 2784 mentem,

582 2798 677 2875 uolet,

242 2890 354 2975 Neque
371 2891 406 2956 id
423 2891 547 2977 putabit
563 2913 695 2977 prauom
713 2914 753 2955 an
771 2903 890 2956 rectum
909 2892 963 2956 sit:
983 2891 1092 2980 petet]
1140 2910 1192 2966 485

243 2984 295 3050 Tu
312 2987 378 3050 rem
397 2986 498 3071 perire
516 2997 546 3050 et
563 2988 668 3070 ipsum
684 3007 748 3049 non
765 2987 882 3071 poteris
899 2986 979 3070 pati:

243 3077 329 3144 Dare
347 3079 527 3165 denegaris:
545 3080 604 3144 ibit
623 3080 664 3143 ad
681 3078 760 3144 illud
775 3081 857 3154 ilico,

243 3172 317 3254 Quo
334 3176 482 3239 mexume
500 3173 584 3258 apud
603 3185 634 3238 te
652 3175 685 3237 se
703 3173 809 3238 ualere
827 3174 953 3238 sentiet:

119 3284 146 3325 so
243 3267 416 3331 Abiturum
434 3290 468 3332 se
485 3268 542 3332 abs
560 3279 591 3333 te
610 3289 679 3332 esse
696 3267 768 3331 ilico
786 3267 966 3331 minebitur.

157 3359 225 3422 Mn.
244 3359 361 3425 Videre
379 3383 456 3427 uera
473 3372 566 3444 atque
584 3364 628 3426 ita
646 3361 692 3425 uti
709 3383 759 3426 res
777 3371 825 3425 est
842 3361 955 3426 dicere.
1141 3372 1193 3426 490

159 3449 219 3518 Cu.
242 3453 396 3521 Somnum
423 3455 527 3519 hercle
554 3479 614 3539 ego
641 3455 700 3519 hac
725 3466 817 3519 nocte
844 3455 942 3520 eculis
969 3477 1032 3520 non
1059 3455 1125 3521 uidi

581 3572 658 3613 men

241 3641 333 3708 Dum
349 3643 381 3707 id
400 3645 527 3726 quaere,
546 3643 603 3707 tibi
621 3597 676 3726 qui
692 3643 794 3707 filium
812 3646 1018 3710 restituerem.

157 3735 335 3803 Macedo
366 3739 524 3803 dextram:
560 3759 652 3822 porro
682 3739 713 3801 te
744 3738 828 3801 idem
860 3761 915 3804 cro
950 3752 986 3804 ut
1015 3740 1124 3817 facies,

582 3829 744 3896 Chremes.

120 3942 147 3985 cc
161 3923 220 3990 Cn.
243 3924 379 3991 Paretus
407 3950 486 3990 sum.
536 3927 603 3990 Ma.
639 3924 716 4084 S?cin
747 3927 823 4008 quid
854 3950 938 3992 nunc
964 3927 1067 3993 facere
1094 3930 1124 3993 te

582 4021 654 4085 uolo
