2602 4432
156 217 220 287 104
538 231 745 291 Evuvcflvs
1084 235 1183 306 I,1;2

102 371 137 427 70
238 355 332 424 Vitre
349 355 549 442 supplicium.
575 354 637 420 Pu.
652 351 684 421 Ο
701 356 869 442 indignum
882 354 1021 422 faaiuuai
1039 358 1128 424 niune
1139 374 1168 417 aa

238 545 283 609 Et
298 545 386 609 illem
404 472 657 609 seelestameegaie
674 547 706 609 et
723 566 775 610 me
792 545 944 610 miserum
960 545 1077 610 sentio:

237 638 282 702 Et
298 638 404 704 taedet
422 649 454 704 et
471 660 577 703 amore
594 638 701 716 ardeo,
719 650 752 704 et
767 639 907 724 prudens
925 638 1039 716 ueiens,

236 732 339 798 Viuda
357 731 534 815 uidensque
552 734 658 817 pereo,
676 754 736 798 nee
754 733 832 816 quid
849 735 945 818 agam
961 733 1038 798 seio.

152 823 212 889 Pa,
237 823 326 905 Quid
356 825 453 911 agia?
482 824 544 889 niai
574 837 610 890 ut
640 837 672 891 te
701 826 838 891 redimas
869 837 997 911 captum
1027 828 1127 910 quem

100 1010 135 1065 75
236 1010 399 1090 Minum63
418 1012 446 1078 si
462 940 759 1098 nequedudidlulo,
777 1024 811 1077 at
827 1014 938 1095 quanti
954 1034 1067 1096 queas3
1137 1031 1166 1071 aa

237 1104 281 1170 Et
306 1108 347 1171 ne
374 1116 406 1173 te
432 1105 584 1171 adflietes.
627 1105 688 1213 Pu
710 1086 802 1171 itane
828 1106 963 1171 suades?
1003 1106 1064 1171 Pu.
1087 1103 1127 1170 Si

236 1290 350 1374 Neque
368 1293 493 1377 praeter
509 1220 704 1375 quahdpddas
720 1294 789 1378 ipse
807 1314 897 1358 amor
912 1292 1072 1358 molestiae

118 1419 121 1423 ·
169 1456 171 1460 Α
236 1384 347 1449 Habet
363 1385 472 1461 addas,
491 1395 523 1449 et
539 1385 610 1449 illas
627 1388 708 1468 quea
724 1385 821 1452 habet
837 1388 923 1452 reate
939 1386 1035 1453 ferar.

237 1478 305 1543 Sed
323 1500 429 1544 eccam
444 1480 515 1564 ipsa
532 1478 703 1564 egreditur,
721 1480 821 1545 nestri
836 1480 929 1545 fundi
946 1481 1123 1557 aelamitas3

236 1571 321 1637 Nam
338 1573 425 1657 qued
442 1593 500 1637 uos
517 1593 631 1657 rapere
648 1573 782 1658 opertet,
800 1573 878 1639 haee
895 1574 1064 1660 intercipit„
1136 1591 1165 1634 aa

313 1760 447 1826 Tuars
489 1760 715 1825 Pnauuau
756 1758 960 1828 Paauuuo

304 1869 457 1910 rmarrmx
503 1867 699 1912 Annusouus
801 1867 914 1911 aaaron

150 1949 212 2014 Tm
234 1949 388 2014 Miserem
405 1970 468 2025 me,
486 1970 600 2013 uereor
616 1970 657 2012 ne
673 1947 753 2012 illud
769 1948 900 2032 grauius
917 1948 1078 2013 Phaedria
1134 1975 1177 2026 aa

236 2043 362 2108 Tulerit
378 2065 461 2107 neue
479 2041 628 2106 aliorsum
644 2043 741 2125 etque
759 2062 819 2128 ego
835 2040 899 2106 feei
916 2042 1083 2127 acceperit,

238 2135 335 2217 Quod
366 2134 435 2200 heri
461 2137 544 2199 intro
572 2134 687 2199 missua
717 2135 783 2199 ndu
814 2145 871 2200 est.
922 2134 983 2199 Pa
1009 2136 1120 2211 Totus,

574 2228 744 2304 Parmeno,

236 2324 353 2389 Tremo
381 2323 569 2406 herreoque,
595 2323 765 2407 pestquam
791 2322 900 2407 aspexi
925 2323 1017 2388 hane.
1059 2323 1120 2388 ΡΑ.

576 2417 668 2481 Bene
686 2415 792 2480 animo
809 2437 858 2482 ea:

99 2515 134 2572 85
237 2512 368 2577 Accede
386 2512 427 2576 ad
444 2511 552 2595 iguem
569 2509 663 2587 hune,
681 2511 745 2575 iem
762 2511 899 2576 calesces
916 2510 988 2596 phia
1005 2511 1091 2576 satia.
1148 2530 1163 2572 a

150 2608 211 2672 Ta.
234 2605 316 2688 Quis
351 2605 404 2670 hie
438 2603 597 2688 lequitur?
636 2604 742 2681 ehem,
781 2615 838 2669 tun
873 2605 924 2669 hie
958 2627 1042 2681 eras,
1077 2604 1122 2670 mi

576 2697 755 2762 Phaedria?

237 2790 325 2876 Quid
346 2792 453 2858 stebas
474 2790 545 2856 hie?
566 2812 646 2874 quor
667 2791 732 2856 neu
753 2791 835 2855 iutro
856 2790 945 2855 ibas?
978 2789 1039 2856 Pu.
1058 2790 1121 2857 Ce-

518 2930 521 2937 -
577 2897 679 2950 terum

236 2982 289 3048 De
307 2980 488 3047 exclusione
505 2979 641 3044 uerbum
658 2977 801 3042 nullum?
831 2976 892 3042 Tu.
910 2975 1000 3058 Quid
1016 2980 1121 3043 taces?

151 3079 211 3144 Pa.
236 3078 322 3142 Sane
340 3076 415 3160 quia
432 3096 510 3140 uero
527 3073 607 3138 haee
624 3072 701 3136 mihi
717 3083 828 3158 patent
845 3073 969 3156 semper
985 3071 1070 3137 fores

100 3174 135 3230 90
239 3173 306 3236 Aut
322 3171 398 3254 quia
415 3191 486 3234 aum
504 3167 590 3254 apud
607 3177 639 3232 te
655 3168 785 3252 primus.
824 3165 884 3229 Tm
902 3165 1005 3230 Missa
1022 3166 1121 3232 istaec
1135 3189 1161 3228 ιο

578 3260 659 3326 faee.

151 3359 212 3423 Pu.
236 3357 323 3438 Quid
358 3355 502 3421 ‘misaa’i
537 3378 557 3420 ο
587 3354 701 3432 Thais,
736 3352 850 3431 Thais,
886 3353 1007 3448 utinam
1038 3358 1121 3422 esset

576 3448 654 3512 mihi

235 3544 317 3609 Para
334 3545 437 3627 aequa
453 3542 569 3608 amoris
587 3545 692 3608 terum
711 3563 748 3606 aa
765 3540 883 3626 pariter
901 3541 1001 3619 deret,

236 3639 282 3704 Vt
299 3637 355 3702 adt
372 3637 433 3703 hoe
450 3636 507 3701 tibi
525 3637 644 3702 doleret
662 3635 771 3700 itidem
788 3645 824 3698 ut
839 3634 918 3699 mihi
936 3634 1030 3713 dolet,

236 3732 306 3795 Aut
324 3732 384 3816 ego
401 3731 483 3795 iatue
501 3731 558 3795 abs
576 3742 607 3794 te
625 3729 746 3794 fectum
763 3727 819 3791 nili
836 3729 1020 3814 penderem!

101 3835 135 3890 95
152 3828 210 3890 Ta.
233 3825 284 3890 Ne
302 3824 407 3889 ardeia
424 3834 455 3890 te
473 3825 616 3900 obsecro,
633 3824 738 3888 enime
755 3823 809 3900 mi,
826 3827 871 3887 mi
886 3823 1053 3888 Phaedria.
1132 3845 1159 3887 1⁵

235 3918 309 3986 Non
327 3919 390 4006 pel,
408 3939 471 4004 quo
489 3939 682 4005 quemquam
699 3917 770 4002 plia
789 3939 892 3983 amem
911 3928 965 3983 aut
982 3917 1054 4005 plus
1073 3920 1120 3986 di·

576 4011 685 4102 ligem,
