2602 4432
169 233 210 302 96
409 246 893 310 nasvrorormonvsmrtos
1121 250 1187 326 at

271 374 351 440 Eius
371 386 406 439 ut
424 374 603 440 memineris
626 385 721 458 atque
737 374 839 460 inopis
857 375 942 440 minc
959 386 990 442 te
1008 376 1138 444 misere-

612 470 679 533 scat
696 467 772 534 mei:

271 561 367 644 Quod
381 573 454 649 peto
472 573 527 628 out
544 562 629 646 quod
646 562 730 640 nolo,
747 562 886 648 parentis
903 563 991 629 meos
1008 575 1044 630 ut
1062 586 1138 631 con·

285 728 292 742 ,
606 658 761 721 monstres
777 655 865 721 mihi.

187 749 242 815 So.
271 748 424 827 Obsecro,
446 749 491 814 mi
512 751 617 834 gnate,
639 772 681 815 ne
697 749 780 815 istuc
797 750 830 815 in
847 751 987 815 animum
1003 751 1136 817 inducas
1161 768 1175 812 a

609 854 707 922 tuom,

271 919 422 1004 kilianum
440 960 509 1002 esse
526 939 568 1002 te.
608 936 664 1004 Cn.
692 935 781 1002 Sum.
821 936 876 1003 So.
901 938 1056 1005 Miseram
1074 962 1136 1017 me,

609 1030 722 1097 hocine
739 1031 901 1115 quaesisti,
918 1033 1067 1099 obsecro?

100 1138 169 1193 1030
269 1106 320 1192 ita
336 1124 414 1191 mihi
430 1135 525 1209 atque
543 1123 617 1190 huic
630 1125 673 1189 sis
686 1137 856 1210 superstes,
874 1127 910 1190 tit
922 1150 962 1192 ex
975 1137 1135 1212 meatque

610 1240 651 1284 ex
668 1219 728 1283 hoc
745 1221 837 1284 natus
856 1242 904 1296 es3

269 1298 311 1380 Et
326 1335 404 1379 cane
416 1311 558 1398 posthac,
576 1312 604 1376 si
617 1333 669 1376 me
682 1335 780 1390 amas,
799 1335 950 1397 umquam
967 1315 1049 1380 istnc
1061 1336 1135 1380 ner·

608 1406 683 1470 bum
701 1429 740 1471 ex
758 1417 789 1472 te
807 1407 943 1472 antliam.

186 1502 245 1569 Cn
271 1483 318 1567 rit
332 1523 401 1589 ego,
420 1501 447 1566 si
460 1523 511 1565 me
524 1500 649 1578 metuis,
671 1522 774 1565 mores
788 1504 866 1566 caue
880 1501 914 1566 in
927 1513 958 1568 te
976 1524 1044 1568 esse
1057 1503 1135 1567 istos

609 1595 752 1658 sentiam.

186 1691 241 1758 01-
273 1688 383 1772 Quos?
414 1687 471 1752 Cn,
495 1686 533 1752 Si
546 1687 626 1752 scire
639 1689 699 1766 uis,
714 1710 774 1774 ego
790 1687 906 1754 dicam:
924 1692 1027 1775 gerro,
1040 1690 1134 1768 iners,
1148 1709 1173 1749 ιο

608 1781 705 1859 fraus,
723 1781 840 1861 helluo,

270 1877 396 1954 Ganeo,
423 1875 600 1940 damnosus.
645 1875 752 1953 crede,
782 1888 815 1941 et
839 1878 982 1942 nostrum
1008 1889 1039 1942 te
1065 1900 1135 1944 esse

608 1969 736 2034 credito.

99 2069 167 2124 1035
185 2065 240 2132 Cn
271 2063 345 2129 Non
368 2075 442 2128 sunt
458 2063 537 2128 haec
554 2062 693 2148 parentis
711 2063 804 2128 dicta.
849 2063 907 2131 Cn
933 2064 1022 2141 Non,
1045 2065 1072 2128 si
1093 2087 1134 2129 ex

606 2157 708 2242 capite
726 2157 769 2222 sis
786 2180 857 2223 meo

268 2252 382 2329 Natus,
399 2251 475 2316 item
493 2259 529 2314 ut
546 2248 634 2314 airint
647 2251 829 2316 Mineruam
846 2273 914 2316 esse
932 2253 972 2316 ex
990 2251 1078 2328 Ioue,
1096 2276 1135 2318 ea

607 2347 703 2409 causa
718 2345 821 2431 magis

267 2440 392 2516 Patiar,
432 2436 585 2524 Clitipho,
627 2438 754 2524 flagitiis
793 2440 855 2503 tuis
893 2461 945 2503 me
983 2439 1134 2506 infamem

607 2531 686 2597 fieri.

186 2627 241 2693 So.
270 2628 315 2692 Di
340 2627 437 2693 istaec
463 2625 665 2713 prohibeant!
710 2627 769 2694 On.
799 2626 889 2692 Deos
914 2627 1035 2692 nescio:
1061 2629 1133 2713 ego,
1147 2646 1172 2687 ιε

605 2721 693 2803 quod
709 2732 828 2807 potero,
846 2720 966 2786 scdulo.

269 2814 404 2896 Quaeris
422 2814 455 2879 id
472 2813 558 2899 quod
575 2813 684 2890 habes,
701 2814 853 2900 parentis3
870 2815 955 2898 quod
967 2815 1056 2879 abest
1069 2836 1133 2879 non

607 2910 742 2992 quaeris,
759 2908 842 2994 patri

100 3013 168 3066 1040
270 3003 343 3086 Quo
357 3003 451 3070 modo
465 3003 641 3086 obsequaro
654 3015 685 3068 et
698 3015 734 3067 ut
747 3025 853 3067 serues
866 3002 953 3086 quod
965 3003 1072 3067 labore
1086 3001 1134 3067 in-

607 3097 738 3162 uenerit.

268 3193 340 3257 Non
357 3190 434 3256 mihi
451 3213 508 3277 per
529 3190 670 3256 fallacias
688 3191 843 3256 addicere
865 3200 938 3254 ante
960 3189 1069 3267 oculos
1091 3239 1099 3255 .
1123 3236 1132 3254 .

607 3285 706 3370 pudet

268 3381 386 3446 Dicere
412 3379 472 3445 hcc
497 3381 662 3465 praesente
688 3380 821 3445 uerbum
847 3378 953 3464 trirpe3
985 3388 1017 3442 at
1042 3388 1074 3443 te
1099 3378 1133 3442 id

607 3473 802 3538 nullomodo

269 3568 389 3632 Facere
403 3565 525 3652 puduit.
558 3564 613 3631 Cn
630 3548 734 3643 Eheu,
752 3589 848 3649 qnam
865 3588 949 3630 nunc
968 3567 1050 3630 totns
1068 3566 1132 3630 dis·
1144 3585 1172 3624 so

605 3659 706 3743 plicet
723 3660 809 3735 mihi,

269 3753 376 3836 Quam
394 3751 505 3838 pudet!
523 3773 626 3834 nequo
644 3754 730 3834 qnod
746 3752 935 3839 principium
949 3752 1071 3838 capiam
1089 3751 1131 3816 ad

577 3867 578 3870 ¹
607 3846 795 3931 placandam
814 3848 887 3911 scio.
