2602 4432
504 983 709 1066 AOTVS
739 983 772 1065 Ι.

396 1151 621 1217 ΡΗΑΕΒΜΔ
679 1152 883 1218 Pirunro

409 1268 605 1312 Anvnnsonus
720 1267 833 1311 servos

105 1382 218 1450 1‚1Pn.
242 1380 330 1462 Quid
351 1382 448 1469 igitur
470 1382 609 1448 faciam?
633 1383 698 1447 min
722 1403 793 1446 eam
813 1403 854 1445 ne
882 1381 966 1445 minc
986 1378 1125 1463 quidem,

241 1476 349 1557 Quom
376 1480 520 1542 accersor
551 1477 654 1541 ultro?
684 1499 725 1541 an
755 1475 861 1561 potius
887 1474 932 1539 ita
957 1498 1009 1540 me
1041 1475 1127 1540 cim-

580 1593 699 1656 parem,

240 1665 314 1730 Non
332 1666 455 1751 perpeti
473 1666 674 1730 meretricum
692 1663 916 1728 contumelias?

241 1759 385 1824 Exclusit
391 1783 400 1836 ;
418 1769 561 1824 reuocet:
580 1758 727 1823 redeam?
743 1779 818 1833 non,
837 1757 933 1821 sime
951 1757 1104 1821 obsecret.

131 1852 216 1917 ⁵Pr.
240 1853 406 1935 Siquidem
424 1853 528 1918 hercle
546 1853 657 1938 possis,
676 1851 721 1915 nil
738 1851 825 1936 prius
844 1873 948 1935 neque
965 1850 1088 1915 fortius.
1144 1865 1178 1920 50

240 1946 362 2012 Verum
381 1946 408 2011 ei
425 1946 555 2032 incipies
572 1947 678 2029 neque
696 1945 863 2030 pertendes
882 1944 1028 2030 gniuiter

240 2040 364 2125 Atque,
395 2041 452 2105 irbi
478 2040 544 2126 pati
569 2061 633 2104 non
663 2039 797 2125 poteris,
828 2061 925 2124 quom
953 2060 1046 2104 nemo
1072 2040 1127 2103 ex·

580 2144 676 2219 petet,

239 2228 363 2292 Iniecta
380 2250 459 2313 pace
476 2227 560 2293 ultro
576 2227 619 2292 cd
637 2249 708 2292 eam
725 2227 834 2292 uenies
852 2227 995 2292 indicans

240 2322 289 2387 Te
306 2324 413 2387 amatre
431 2332 463 2386 et
480 2322 644 2386 serrendo
661 2343 770 2406 posse:
790 2331 935 2398 actumst,
953 2322 1048 2397 ilicet,

165 2436 169 2443 ’
240 2415 372 2481 Peristi:
391 2414 508 2492 eludet,
526 2416 583 2479 irbi
601 2427 631 2481 te
650 2415 771 2481 uictum
790 2416 930 2480 senserit.
1143 2429 1178 2484 55

241 2508 340 2574 Proin
367 2511 416 2587 tir,
444 2510 520 2575 dum
547 2521 595 2574 est
621 2521 762 2595 tempus,
788 2509 884 2574 etiam
910 2520 1005 2593 atque
1031 2509 1125 2575 etiam

579 2603 693 2690 cogita,

240 2695 320 2762 Ere:
356 2697 438 2781 quae
468 2719 518 2762 res
549 2697 582 2762 in
616 2719 649 2762 se
684 2699 787 2781 neque
822 2697 987 2762 consilium
1021 2698 1126 2780 neque

582 2791 711 2855 modum

240 2885 350 2950 Habet
366 2884 476 2963 iillum,
494 2907 564 2950 eam
582 2886 711 2949 consilio
727 2906 839 2970 regere
855 2886 921 2949 non
940 2895 1039 2970 potes.

242 2978 281 3044 In
299 2979 406 3043 amore
424 2978 502 3044 ha'ec
519 2979 626 3043 omnia
641 2980 750 3043 insunt
766 2978 858 3043 uitia:
876 2978 1019 3055 iniuriae,

243 3071 458 3158 Suspiciones,
475 3073 668 3150 inimicitiae,
686 3072 837 3149 indutiae,
1144 3088 1178 3142 60

242 3167 378 3242 Bellum,
395 3190 460 3252 pax
477 3189 617 3233 rursum:
634 3167 755 3232 incerta
771 3166 850 3232 haec
868 3167 894 3231 si
911 3177 946 3231 tu
964 3166 1105 3252 postules

242 3260 377 3326 Ratione
396 3271 482 3325 certe
498 3260 614 3339 iecere,
631 3260 730 3325 nihilo
747 3261 818 3346 plirs
838 3283 926 3346 agas,

244 3353 350 3434 Quam
367 3356 395 3443 si
412 3355 467 3419 des
485 3375 615 3440 operam
632 3366 666 3419 ut
685 3355 758 3419 cirm
774 3354 895 3420 ratione
913 3354 1061 3419 insinias.

241 3447 285 3512 llt
302 3446 388 3532 quod
405 3468 491 3512 nunc
509 3459 575 3513 tute
593 3449 698 3513 tecum
716 3449 815 3513 iratus
835 3449 957 3534 cogitas

242 3541 352 3628 ‘Egon
367 3541 467 3620 illum,
490 3561 572 3625 quae
588 3542 688 3619 illum,
711 3544 794 3625 quai
811 3565 873 3620 me,
895 3563 978 3627 quae
991 3563 1056 3606 non
1073 3589 1082 3607 .
1102 3540 1125 3606 .l
1143 3557 1179 3611 65

582 3637 649 3700 sine
665 3636 771 3713 modo,

242 3728 328 3792 Mori
346 3751 397 3793 me
414 3729 537 3793 malim:
556 3729 671 3794 sentiet
687 3730 742 3814 qui
759 3732 809 3795 uir
826 3729 933 3796 siem':

243 3824 335 3886 Haec
352 3824 452 3887 uerba
468 3846 533 3887 unu
550 3823 706 3888 mehercle
724 3823 805 3889 falsa
821 3824 995 3902 lecrimule,

242 3914 349 3996 Quam
368 3917 477 3981 oculis
494 3916 625 3982 terendo
642 3919 828 3983 misere'uix
845 3920 879 3983 ui
897 3916 1096 4004 expresserit,

242 4009 442 4097 Restlnguet‚
461 4021 492 4076 et
509 4021 540 4076 te
558 4010 640 4076 ultro
658 4013 830 4091 iecusabit,
848 4015 879 4078 et
897 4013 987 4078 dabis
1007 4100 1011 4105 .
