2550 4432
159 196 222 266 266
539 210 748 271 ADELPHOE
1124 210 1199 283 mc

244 337 352 418 Quom
372 338 454 404 hanc
475 337 537 403 sibi
557 337 677 403 uidebit
694 337 843 423 praesens
861 334 1036 423 praesenti
1055 336 1149 423 eripi,

243 432 372 497 Abddci
390 433 430 496 ab
449 431 567 497 oeulis?
583 431 707 497 sicinus
723 431 900 517 indigndm,
919 431 1038 516 pateri
1158 446 1182 490 n

91 531 142 585 670
159 525 218 590 Mn
243 524 318 607 Qua
335 525 455 591 mitione
472 526 571 590 istuc?
589 526 660 608 quis
678 524 864 611 despondit?
881 527 958 608 quis
978 525 1096 591 dedit?

243 618 329 701 Quoi
346 619 473 704 qudndo
489 619 616 705 nupsit?
633 620 743 684 arictor
759 618 809 683 his
825 618 922 683 rebds
940 619 1020 704 quis
1039 620 1113 685 est?
1240 636 1242 643 ·

245 713 336 792 Quor
353 713 443 778 dixit
461 713 615 778 alienam?
649 713 712 778 Ar.
733 692 790 777 rin
807 711 917 777 sedere
936 713 1089 799 opdrtuit
1176 746 1179 751 ·

243 806 342 872 Domi
372 806 529 893 uirginem
559 817 625 871 tem
660 807 828 893 minden,
863 804 943 871 dum
977 809 1142 893 cogndtus
1240 818 1242 877 ζ

579 900 643 966 huc
1054 898 1057 903 ’

242 995 334 1060 Illinc
351 995 484 1074 ueniret,
502 995 742 1082 expectantem?
759 993 848 1071 haec,
866 995 910 1058 mi
927 1004 1034 1081 pater,
1151 1011 1175 1053 ω

89 1095 140 1150 675
242 1089 290 1156 Te
308 1090 412 1156 dIcere
429 1109 565 1173 aequom
582 1089 641 1153 frit
659 1100 692 1153 et
708 1087 743 1153 id
759 1087 938 1154 defendere.

157 1183 216 1248 Mr.
239 1184 435 1250 Ridiculum:
455 1184 668 1249 aduorsumne
684 1182 774 1247 illum
792 1204 921 1247 causam
939 1181 1099 1260 dicerem,

242 1276 330 1359 Quoi
342 1279 492 1343 ueneram
506 1277 699 1342 aduocetus?
714 1276 771 1341 sed
779 1276 857 1359 quid
869 1275 940 1352 ista,
955 1275 1139 1351 Aeschine,

242 1372 377 1435 Nostra?
395 1372 449 1436 adt
465 1370 542 1455 quid
560 1369 652 1435 nobis
669 1391 742 1435 cum
758 1369 839 1434 illis?
857 1369 1023 1436 abesmds.
1056 1369 1140 1454 quid

581 1465 648 1529 est?

242 1558 330 1640 Quid
355 1559 531 1624 lacrumas?
574 1560 636 1623 As.
667 1557 779 1634 Pater,
805 1557 946 1635 dbsecro,
975 1558 1175 1622 auscultes

580 1652 639 1718 Mr.
662 1651 833 1728 Aeschine,
851 1649 961 1715 audiui
979 1651 1094 1716 dmnia

88 1763 140 1816 680
241 1730 285 1812 Et
302 1746 380 1824 sci03
398 1770 472 1811 nem
490 1747 521 1811 te
539 1768 624 1811 arno:
642 1766 706 1830 quo
723 1745 826 1832 magis
842 1744 926 1829 qued
943 1746 1018 1830 agis
1037 1767 1138 1812 curae

580 1840 653 1903 sdnt
669 1838 756 1903 mihi.

157 1933 218 1998 As.
240 1913 291 1998 ita
312 1934 408 2003 uelim
426 1956 477 1999 me
494 1934 724 2019 prdmerentem
743 1934 840 2010 ames,
863 1931 941 1997 dum
958 1930 1066 2011 uiues,
1091 1934 1139 1998 mi

579 2039 679 2112 pater,

241 2102 287 2186 Vt
313 2144 363 2186 me
390 2120 451 2186 hoc
479 2121 628 2187 delictum
654 2118 819 2184 admisisse
841 2119 875 2183 in
901 2141 963 2195 me,
989 2121 1027 2184 id
1055 2121 1136 2187 mihi

581 2214 785 2279 uehementer
802 2213 887 2278 dolet

241 2293 284 2374 Et
309 2332 360 2374 me
386 2308 434 2374 tui
459 2309 566 2394 pudet.
610 2309 670 2373 Mr.
699 2305 804 2373 Credo
832 2306 952 2381 hercle;
977 2331 1059 2374 nam
1084 2312 1136 2374 in·

579 2401 708 2488 genium
726 2402 803 2466 noui
819 2410 907 2465 tuom

242 2497 405 2592 Liberale3
424 2497 480 2560 sed
498 2519 610 2561 uereor
626 2519 667 2560 ne
684 2495 853 2581 indiligens
871 2493 1004 2559 nimidm
1025 2496 1100 2563 sies.
1146 2514 1171 2557 ω

89 2590 141 2644 685
242 2591 282 2655 In
300 2614 364 2675 qun
381 2591 508 2655 ciuitate
527 2590 654 2655 tandem
673 2601 704 2655 te
721 2589 874 2654 drbitrere
891 2590 1022 2653 uiuere?

242 2685 408 2770 Virginem
422 2683 550 2760 uidisti,
569 2704 666 2767 quam
679 2694 711 2748 te
723 2684 788 2749 ndu
801 2683 851 2746 ius
864 2680 969 2747 fuerat
983 2684 1132 2771 tingere.

241 2778 311 2843 Iam
331 2779 364 2843 id
385 2789 550 2864 peccatum
572 2780 708 2863 primum
730 2798 893 2863 magnum,
915 2777 1077 2862 triticeum,
1099 2790 1134 2844 at

581 2871 754 2934 humandm
772 2880 891 2935 tamen:

241 2966 360 3031 Fecere
391 2965 445 3030 elii
476 2966 571 3051 saepe
601 2964 678 3029 item
708 2963 793 3028 boni.
838 2974 870 3029 et
899 2962 1072 3049 pristquam
1099 2967 1133 3031 id

581 3059 698 3135 euenit,
716 3057 810 3122 cedor

241 3153 327 3217 Nr'rm
345 3152 422 3237 quid
440 3151 680 3237 circumspexti?
702 3162 757 3215 aut
778 3173 854 3215 num
872 3149 950 3234 quid
967 3151 1037 3216 tdte
1057 3175 1134 3239 pro·
1146 3171 1172 3214 m

581 3247 683 3328 spexti
700 3244 767 3321 tibi,

89 3341 140 3395 690
243 3339 329 3421 Quid
355 3339 462 3404 fieret?
487 3360 551 3422 qua
576 3337 686 3403 fieret?
712 3337 737 3400 si
763 3348 795 3402 te
820 3337 864 3400 mi
886 3337 991 3422 ipsum
1013 3339 1134 3423 puduit

579 3431 735 3516 prdloqui‚

243 3527 318 3608 Qud
329 3527 550 3593 resciscerem?
567 3525 646 3591 haec
660 3526 736 3589 dum
751 3523 887 3601 dubites,
901 3526 1026 3590 menses
1040 3527 1136 3596 abie-

580 3621 655 3684 nint
672 3620 792 3685 decem.

241 3715 412 3781 Prddidisti
431 3725 461 3780 et
478 3726 510 3780 te
528 3716 559 3779 et
571 3714 658 3780 illam
672 3714 820 3778 miseram
834 3722 865 3779 et
878 3714 1022 3799 gnitum,
1041 3719 1136 3799 quod

581 3809 710 3891 quidem
727 3809 760 3872 in
777 3808 809 3872 te
827 3806 896 3872 fuit„

242 3904 347 3986 Quid?
374 3903 524 3970 credebas
551 3902 716 3967 ddrmienti
742 3902 821 3967 haec
847 3900 904 3966 tibi
927 3899 1136 3972 confecturds

580 3996 674 4062 deos?
