2602 4432
98 238 166 315 aa
546 240 720 302 rnoamo
1057 221 1119 292 189
1145 288 1149 292 .

150 365 211 434 Pr.
233 363 286 431 De
307 365 419 434 eadem
445 365 505 432 hec
531 366 663 434 fortasse
689 363 804 477 carisa?
843 361 906 430 Du.
923 363 989 432 lta
1004 361 1119 429 hercle.

237 551 325 662 curu
350 554 393 619 ar
418 577 470 621 me
495 461 634 620 narhff
650 458 930 620 diditionem.
977 550 1038 617 rs.
1067 551 1121 613 An

574 649 729 715 rebdmini
814 695 816 705 Α
856 700 859 709 .

236 744 291 808 Me
307 745 372 809 nen
388 742 424 809 id
440 743 550 822 facere,
569 743 655 827 qued
671 742 861 830 recepissem
877 740 995 808 semel?
1067 820 1070 825 ἱ

114 855 140 895 1⁰
237 840 340 915 Heus,
371 839 490 922 quenta
515 849 633 922 quanta
663 837 742 904 haec
767 838 839 902 mea
863 842 1032 923 paupertas
1062 831 1121 910 est,

576 943 682 997 tamen

238 1024 356 1089 Adhuc
370 1024 479 1090 curaui
492 1049 592 1092 unum
604 1023 666 1092 hec
678 1024 818 1110 quidem,
831 1035 867 1088 ut
879 1022 923 1086 mi
937 1022 1020 1088 esset
1032 1019 1120 1084 fides.
1139 1025 1191 1081 905

115 1135 140 1177 ιε
239 1118 342 1202 quue
358 1118 439 1184 edeo
456 1119 551 1185 uenio
567 1118 758 1198 nhntiatum,
776 1116 948 1202 Demipho,

237 1207 392 1277 Paretum
408 1235 459 1278 me
477 1234 560 1278 esser
578 1213 634 1277 ubi
652 1212 756 1290 ueltis,
773 1212 907 1277 uxorem
924 1209 1006 1274 date.

116 1320 142 1363 ¹⁵
238 1304 322 1370 Nam
340 1306 443 1371 omnis
459 1305 630 1392 posthabui
647 1305 725 1372 mihi
742 1327 803 1385 res,
820 1304 866 1370 ita
883 1303 931 1369 uti
946 1304 1005 1389 per
1022 1299 1093 1378 fuit,

238 1398 414 1484 Postquam
438 1399 473 1464 td
494 1410 582 1466 tanto
603 1422 699 1486 opere
720 1401 777 1466 ues
800 1398 884 1466 uelle
905 1396 1046 1463 animum
1067 1392 1123 1459 ad·

528 1547 532 1556 .
575 1496 743 1561 uerteram.

154 1585 218 1653 Dr.
240 1587 287 1651 At
303 1586 355 1652 hic
372 1587 554 1654 dehortatus
571 1590 620 1655 est
637 1612 699 1667 me,
716 1612 758 1656 ne
774 1589 860 1654 illam
878 1586 936 1653 tibi
954 1585 1075 1651 darem:
1121 1580 1127 1593 ’“
1140 1587 1192 1643 910

160 1719 163 1722 «
240 1681 339 1746 ‘Nam
351 1683 407 1766 qui
419 1682 479 1749 erit
491 1704 599 1748 rumor
611 1683 876 1777 pepuli’,inquit,
894 1681 936 1746 ‘si
946 1680 982 1745 id
993 1676 1124 1744 feceris?

244 1773 332 1840 Olim
349 1797 446 1859 quom
464 1776 595 1843 honeste
612 1777 723 1862 petuit,
741 1788 809 1843 tum
826 1798 890 1841 non
908 1777 956 1841 est
974 1773 1062 1838 data:

117 1887 143 1928 ao
195 1902 197 1910 ·
239 1869 334 1935 Nunc
342 1869 472 1934 uiduam
482 1869 606 1936 extrudi
615 1871 759 1957 turpest’.
777 1871 878 1937 ferme
887 1869 999 1935 eadem
1007 1866 1124 1945 emnia,

240 1962 332 2044 Quae
350 1964 416 2029 tute
434 1963 555 2029 dudum
572 1966 678 2030 ceram
694 1989 746 2031 me
763 1966 976 2030 incuseueras.

156 2058 217 2124 Pu.
239 2057 325 2124 Satis
343 2058 479 2144 superbe
492 2058 632 2125 inluditis
645 2082 705 2127 me.
733 2059 797 2125 Dn.
812 2058 896 2141 Qui?
921 2058 982 2123 Pu.
996 2055 1124 2142 Rogas?
1140 2069 1193 2125 915

241 2151 327 2232 Quia
343 2174 384 2216 ne
400 2152 533 2218 elteram
550 2152 679 2237 quidem
694 2154 782 2219 illam
800 2164 910 2240 potero
929 2151 1059 2229 decere3

241 2246 324 2311 Nam
336 2247 400 2329 que
418 2245 528 2312 redibo
545 2268 600 2313 ore
613 2248 655 2312 ed
669 2271 739 2314 eam
754 2270 851 2332 quam
864 2243 1125 2331 contempserim?

117 2360 144 2402 ae
157 2338 217 2406 Cn.
240 2339 338 2404 ‘Tum
357 2350 462 2404 autem
480 2320 701 2426 Antiphonem
718 2342 812 2408 uideo
834 2342 875 2407 ab
893 2363 964 2407 sese
981 2341 1140 2406 amittere,

240 2434 381 2498 Inuitum
395 2434 477 2498 eam’
492 2433 598 2517 inque.
624 2433 688 2500 Dn.
697 2436 784 2501 Tum
796 2437 901 2502 aetem
914 2434 1009 2500 uideo
1022 2432 1124 2498 filium

240 2529 381 2592 Inuitum
399 2550 474 2592 sane
491 2528 654 2594 mulierem
672 2528 713 2594 ah
732 2552 766 2595 se
783 2532 936 2595 amittere.
1141 2542 1194 2600 920

242 2621 308 2688 Sed
325 2621 422 2686 trensi
440 2621 532 2687 sodes
549 2621 591 2687 ed
608 2622 712 2688 forum
729 2635 825 2708 atque
841 2624 921 2689 illhd
938 2622 1015 2687 mihi

241 2717 422 2803 Argentum
440 2738 564 2780 rursum
583 2716 657 2782 ihbe
674 2717 813 2796 rescribi,
833 2718 995 2784 Phermio.

117 2806 216 2877 ioPu.
238 2809 375 2891 Quodne
393 2810 454 2895 ego
472 2809 616 2895 discripsi
634 2812 726 2896 perro
744 2812 805 2876 illis
816 2812 939 2895 ¹quibus
958 2809 1073 2875 debui?

155 2905 219 2970 Du.
242 2902 331 2985 Quid
347 2902 445 2988 igitur
462 2903 534 2968 fiet?
567 2904 628 2970 Pu.
648 2903 685 2969 Si
702 2906 751 2971 uia
767 2905 812 2970 mi
829 2907 960 2971 uxorem
978 2904 1064 2982 dare,

241 2997 355 3079 Quam,
366 2997 571 3083 despondiati,
590 2997 718 3076 dhcam3
738 2999 787 3065 sin
804 3013 852 3066 est
868 3001 905 3064 r'rt
920 2999 1000 3064 uelis
1140 3013 1193 3070 925

239 3093 374 3157 Manere
391 3091 477 3156 illam
495 3091 581 3176 apud
597 3103 639 3171 te,
658 3092 713 3158 des
730 3093 783 3160 hic
795 3106 932 3171 maneat,
950 3092 1122 3179 Demipho.

164 3214 170 3223 ·
240 3187 324 3252 Nam
342 3187 406 3250 nen
423 3196 469 3251 est
488 3207 623 3268 aequom
641 3188 692 3252 me
709 3199 837 3274 propter
853 3210 911 3253 uos
930 3187 1043 3275 decipi,

117 3300 144 3342 ae
242 3279 349 3362 Quom
368 3301 429 3366 ego
446 3280 542 3344 uestri
560 3279 687 3346 honoris
706 3283 801 3347 carisa
822 3282 990 3368 repudium
1006 3282 1124 3347 elterae

240 3375 438 3452 Remiserim,
456 3395 538 3458 quae
556 3373 636 3439 detis
654 3377 840 3442 tantundem
859 3377 965 3441 dabat.

156 3468 220 3535 Du·
241 3468 291 3534 [η’
307 3470 341 3533 in
358 3469 474 3533 malam
492 3491 559 3534 rem
576 3467 650 3536 hinc
667 3491 740 3535 cum
757 3473 837 3536 istac
853 3470 1106 3556 magnificentia,
1140 3487 1192 3543 930
1288 3497 1290 3502 ·

242 3563 411 3648 Fugitiuei
434 3563 528 3628 etiam
546 3585 632 3628 nunc
649 3565 751 3631 credis
769 3576 800 3632 te
817 3566 991 3652 ignorerier

242 3658 311 3723 Aut
328 3658 382 3722 tha
399 3657 484 3722 facta
498 3656 598 3724 adeo?
608 3657 684 3775 Ῥεῖ.
698 3658 827 3726 Inritorl
853 3658 916 3724 Dn.
930 3659 1023 3725 Tune
1041 3660 1123 3725 hanc

116 3864 144 3905 ιο
242 3843 278 3910 Si
297 3844 354 3909 tibi
371 3845 516 3910 daretur?
540 3751 867 3932 Pduhddspemclum.
892 3845 956 3911 Du.
974 3848 1021 3914 Vt
1037 3847 1122 3912 filius

242 3938 326 4003 Cum
343 3939 397 4003 illa
414 3940 535 4004 hebitet
553 3939 640 4099 effi
656 3952 702 4006 ter
722 3942 782 4007 hoc
798 3942 938 4006 uestrum
957 3941 1122 4010 oonsilihm
