2602 4432
174 218 217 287 44
580 230 731 290 Aurum
1096 246 1101 251 ·
1129 235 1196 308 uu

104 362 156 418 850
174 356 237 421 DA.
260 356 384 421 Mihin?
418 353 464 422 Sr.
491 355 565 422 Tibi
579 378 665 442 ergo.
701 354 869 444 Duugu
881 359 978 425 mcdc
999 358 1082 428 intro
1106 363 1139 429 ii.

598 448 644 517 Sr.
680 448 782 533 Quasi
795 445 884 539 [ego]
896 451 993 536 qu'am
1020 452 1141 518 dudum

596 566 632 609 ro
656 567 717 610 em.

171 638 236 703 DA.
260 636 343 703 Ciun
365 648 420 703 tuo
446 648 543 723 gnato
564 567 656 703 rma.g
675 636 722 704 Sr.
748 619 844 704 dune
866 651 914 704 est
935 640 1020 705 intus
1043 639 1181 705 Fun-10

596 731 721 818 philus?
742 733 867 799 crucidr
883 734 993 801 miseri

257 811 339 905 Eho,
361 825 477 892 noniu
496 827 574 891 dixti
592 829 661 893 esse
677 828 760 893 inter
782 849 836 893 eos
858 828 1048 908 inimicitias,
1071 832 1141 896 cdr-

595 921 712 986 nufex?

172 1015 236 1080 DA.
261 1014 354 1082 Sint.
391 1014 436 1082 Sr.
464 1013 556 1096 Quor
572 1015 670 1100 igitur
687 1015 739 1082 hie
760 1017 827 1080 est?
862 1014 920 1082 Cn.
945 1015 1032 1099 Quid
1050 1018 1140 1083 illum

594 1109 723 1174 censes?
744 1131 818 1174 cum
837 1109 891 1176 illa
907 1111 1019 1194 litigat.

170 1202 234 1268 DA.
257 1184 359 1269 immo
378 1225 454 1268 uero
468 1203 645 1290 indignum,
665 1201 829 1279 Chremes,
847 1204 910 1268 iam
923 1204 1046 1270 fucinus
1064 1204 1140 1270 fuxo

594 1320 633 1362 ex
652 1321 702 1363 me
721 1298 840 1364 audies.

100 1407 152 1464 855
253 1392 371 1458 Nescio
394 1391 449 1476 qui
475 1392 572 1457 senex
597 1392 692 1456 modo
718 1391 816 1468 uenit,
842 1392 949 1468 ellum,
976 1393 1138 1459 confidens

594 1495 697 1549 catus:

255 1578 363 1661 Qudm
376 1578 491 1644 faciem
504 1577 625 1655 uideis,
643 1578 769 1644 uidetur
784 1580 853 1643 esse
866 1580 1027 1662 quantiuis
1042 1581 1138 1666 preti:
1152 1599 1178 1641 15

253 1673 367 1738 Tristis
384 1673 502 1738 ueritis
518 1672 601 1738 inest
613 1673 646 1738 in
659 1674 749 1738 udltu
767 1683 863 1757 atquc
880 1673 913 1736 in
926 1674 1032 1739 uerbis
1049 1676 1138 1744 fides.

170 1768 215 1836 Sr.
252 1765 340 1848 Quid
357 1791 431 1832 num
449 1767 615 1852 adportas?
644 1765 708 1831 Du.
730 1765 785 1831 Nil
803 1767 960 1851 equidem,
977 1769 1037 1834 nisi
1052 1771 1139 1854 qudd

593 1861 684 1927 illum
701 1860 811 1926 audiui
828 1861 941 1928 dicere.

171 1957 216 2024 Sr.
253 1955 341 2038 Quid
358 1965 401 2022 u'it
418 1955 565 2021 tandem?
594 1956 659 2020 DA.
684 1953 868 2041 Glycerium
886 1979 920 2021 se
939 1959 1018 2023 scire
1035 1958 1138 2025 ciuem

593 2072 662 2115 esse
680 2031 832 2114 Atticam.
870 2048 917 2116 Sr.
944 2051 1040 2128 Hem,

101 2160 153 2216 860
255 2143 393 2221 Drdm0,
429 2140 561 2206 Dromo.
606 2142 670 2207 Du.
706 2141 795 2224 Quid
820 2142 887 2207 est?
927 2142 972 2209 Sr.
1003 2142 1137 2212 Dromo.

592 2235 657 2300 DA.
680 2237 778 2302 Audi.
811 2235 856 2302 Sr.
875 2237 1019 2312 Verbum
1038 2238 1064 2303 si
1082 2240 1138 2304 ad-

592 2328 707 2394 dideris
725 2377 733 2393 .
752 2328 777 2395 .i
812 2328 945 2396 Dromo.

169 2425 232 2490 De.
256 2425 345 2489 Audi
363 2424 504 2490 dbsecro.
532 2420 595 2486 Dr.
615 2421 701 2503 Quid
715 2422 784 2488 uis?
810 2422 855 2490 Si.
876 2424 1042 2492 Sublimem
1055 2429 1177 2493 introeo

593 2516 678 2581 hunc
696 2539 782 2601 rape,
800 2519 952 2600 quantirm
971 2531 1085 2604 potest.

168 2616 231 2681 Du.
255 2612 380 2696 Quem?
403 2611 448 2677 Sr.
468 2610 606 2675 Diuum.
629 2609 693 2675 DA.
713 2609 974 2691 Quamobrem?
992 2611 1037 2679 Sr.
1052 2612 1138 2695 Quia

591 2703 689 2768 lubet.
707 2726 783 2789 rape
799 2706 939 2788 inquam.
965 2704 1029 2771 DA.
1049 2706 1137 2788 Quid

593 2796 674 2862 ieci?
710 2795 755 2862 Sr.
782 2797 883 2882 Rape.

168 2897 233 2963 DA.
257 2894 293 2961 Si
324 2894 493 2978 quicquam
524 2891 666 2957 inuenies
697 2892 748 2956 md
779 2891 961 2969 mentitum,
992 2894 1136 2960 occidito.
1244 2885 1259 2902 ⁴

595 2984 640 3051 Si.
663 2984 718 3050 Nil
738 2985 847 3051 audio:

254 3083 326 3168 Ege
343 3082 407 3146 iam
425 3092 456 3145 te
475 3082 668 3146 commdtum
681 3080 822 3146 reddam.
849 3079 915 3145 DA.
937 3079 1060 3147 Temen
1078 3084 1137 3148 etsi

593 3172 653 3239 hoc
670 3173 831 3239 uerumst?
851 3171 913 3239 ·Sr.
935 3172 1067 3239 Tamen.

256 3270 344 3336 Cura
365 3267 599 3334 ddseruandum
622 3269 775 3344 uinctum,
802 3278 896 3352 utque
918 3267 1034 3332 audin?
1059 3274 1137 3355 qui·

592 3361 766 3447 drupedem
785 3361 1000 3447 constringite

254 3461 328 3544 Age
345 3455 508 3521 mincium:
527 3477 587 3540 ego
605 3457 658 3541 pol
676 3455 780 3532 hddie,
799 3455 826 3520 si
843 3455 929 3530 uiud,
948 3455 1005 3518 tibi
1149 3477 1176 3519 ss

255 3550 443 3626 Ostendam,
461 3571 550 3612 erum
568 3549 645 3632 quid
662 3551 702 3614 sit
718 3547 829 3635 pericli
848 3547 966 3625 fellere,

253 3645 364 3711 Erilli
390 3654 522 3728 patrem.
560 3640 619 3707 Cn.
647 3643 711 3718 Ah,
738 3665 779 3706 ne
804 3641 893 3706 saeui
918 3652 1005 3707 tanto
1031 3665 1135 3728 opere.

379 3744 380 3748 ’
595 3734 639 3802 Sr.
668 3715 699 3801 Q
720 3732 884 3814 Chremes,

253 3833 410 3897 Pietitem
428 3827 531 3915 gnati!
554 3830 660 3894 ndnne
677 3839 709 3895 te
727 3829 854 3893 miseret
872 3829 953 3894 mei?

99 3937 151 3992 870
253 3926 393 3991 Tantum
411 3923 551 3988 laborem
570 3924 681 4008 cipere
699 3923 741 3987 cb
758 3923 854 3986 talem
871 3919 988 3986 iiliumi

257 4023 327 4107 Age
344 4016 522 4104 Pimphilc,
541 4015 592 4082 exi
609 4015 790 4105 Psmphile:
809 4014 922 4101 ecquid
940 4016 971 4079 td
988 4014 1105 4100 pudet?
1148 4034 1175 4075 m
