2602 4432
181 228 225 294 34
590 246 740 302 ANDRIA
1011 251 1065 322 111,
1076 252 1104 307 5.
1121 249 1203 322 1v,1

179 363 244 429 DA.
263 365 360 432 Visus
381 389 462 432 sum.
506 367 565 433 ΡΑ.
597 368 669 433 Eho
691 369 777 447 dum,
800 370 883 436 bdne
904 371 963 448 uir,
986 372 1064 456 quid
1084 374 1151 439 ais?
1165 392 1190 432 1⁰

603 463 700 527 uiden
714 485 764 528 me
776 464 838 527 tuis
848 465 984 529 consiliis
998 467 1151 532 miserum

264 531 446 636 inpeditum
464 555 552 619 esse?
583 555 648 620 DA.
666 537 714 620 Ᾰῐ
727 556 790 621 iam
804 558 981 643 expediam.
1008 559 1068 624 Pi.
1082 559 1151 624 Ex-

601 649 728 735 pedies?
762 649 826 714 DA.
847 648 952 728 Certe,
969 652 1149 738 Pamphile.

178 736 239 803 ΡΑ.
262 738 385 824 Nempe
398 741 546 805 aitmodo.
568 742 632 806 Di.
647 743 749 807 Immo
759 744 871 809 melius
881 766 984 829 spero.
1006 745 1066 811 ΡΑ.
1081 744 1148 824 Oh,

602 836 659 900 tibi
678 857 738 921 ego
756 848 791 900 ut
809 838 945 915 credam,
963 839 1112 904 tiireifer?

263 924 315 989 Tu
333 947 400 990 rem
416 927 591 1012 inpeditam
610 941 641 993 et
657 929 814 1014 perditam
831 932 997 996 restituas?
1014 955 1065 998 em
1083 953 1149 1016 quo

603 1022 702 1087 fretus
721 1022 790 1097 sim,

110 1129 161 1184 620
263 1110 329 1193 Qui
352 1136 403 1177 me
426 1113 521 1178 hddie
543 1137 583 1179 ex
602 1116 867 1198 tranquillissuma
884 1140 917 1182 re
935 1117 1096 1183 odnieeisti
1114 1119 1148 1184 in

602 1209 738 1292 miptias.

261 1280 315 1362 Ᾰη
333 1321 396 1362 non
415 1299 480 1363 dixi
497 1322 565 1365 esee
584 1299 645 1365 hdo
662 1301 822 1366 futurum?
861 1302 925 1368 DA.
947 1302 1049 1369 Dixti.
1084 1304 1146 1370 Pa.
1160 1323 1187 1364 15

600 1392 688 1476 Quid
705 1395 865 1459 meritai’e?
903 1396 967 1460 Da.
996 1395 1146 1464 Crucem.

187 1544 195 1555 „
260 1482 327 1550 de
353 1485 420 1550 sine
445 1485 611 1571 paululum
636 1488 679 1552 ad
700 1510 751 1552 me
772 1488 913 1554 redeam:
941 1490 1005 1554 iam
1026 1491 1148 1576 aliquid

600 1581 774 1666 dispiciam.
817 1581 877 1646 ΡΑ.
904 1582 946 1647 Et
962 1583 1050 1662 mihi,

261 1669 368 1752 Qudm
383 1695 446 1736 non
459 1672 562 1739 habeo
576 1677 723 1759 spatium,
741 1685 777 1739 ut
791 1674 831 1738 de
844 1686 876 1740 te
888 1677 1011 1741 sdmam
1025 1677 1146 1764 suppli-

600 1768 693 1845 cium,
711 1769 747 1832 ait
764 1768 850 1833 uolo!

259 1857 406 1942 Namque
430 1858 490 1925 hoe
513 1872 637 1946 tempus
659 1863 849 1946 praecauere
871 1862 949 1926 mihi
969 1886 1035 1941 me,
1057 1863 1146 1930 haud

597 1966 629 2020 te
645 1955 754 2021 ulcisci
772 1954 854 2020 sinit.

558 2185 771 2198 m

509 2413 708 2495 AOTVS
736 2413 810 2495 IV.

300 2563 518 2632 Cnaa1avs
569 2566 816 2632 Paaenaavs
869 2567 1014 2633 Davos

292 2682 524 2725 aavaasaamaa
686 2683 710 2724 11
878 2680 991 2725 saevos

103 2795 232 2862 625011.
260 2797 385 2861 Hdeine
405 2793 479 2883 [est]
500 2796 649 2861 credibile
667 2796 722 2861 etit
739 2794 951 2871 memordbile
1140 2816 1195 2869 1v,1

257 2891 360 2955 Tanta
377 2891 526 2957 ueedrdia
543 2890 652 2955 innata
669 2889 840 2973 quoiquam
857 2889 893 2951 dt
910 2887 978 2963 siet,

255 2966 302 3051 Vt
318 2985 409 3051 maiis
427 2985 586 3071 gaddeant
603 2987 698 3066 atque
716 3004 756 3047 ex
773 2981 979 3045 inedmmodis

254 3061 398 3144 dlterids
416 3102 474 3143 sua
491 3091 527 3142 ut
545 3079 729 3162 edmparent
746 3073 930 3139 cdmmoda?
947 3073 998 3151 ah,

255 3155 366 3239 idnest
387 3172 517 3238 uerum?
538 3174 634 3235 immo
656 3171 689 3234 id
713 3180 760 3234 est
777 3169 959 3253 pessumum
976 3166 1139 3235 homimim
1165 3191 1180 3234 ⁶

595 3287 707 3349 genus,

102 3367 153 3423 630
255 3359 449 3445 Denegandi
464 3358 558 3423 modo
576 3360 647 3442 quis
664 3357 768 3442 pudor
784 3354 914 3440 paidum
932 3352 1034 3432 adeat3

254 3455 334 3518 Pdst
351 3453 435 3517 ubist
452 3454 577 3535 tempus
594 3453 749 3535 promissa
765 3449 829 3512 iam
846 3447 964 3532 perfici,

254 3547 339 3611 Tam
357 3546 459 3609 eoaeti
475 3544 655 3608 necessario
674 3565 708 3608 ae
726 3541 879 3627 aperiunt.

252 3639 309 3723 [Εἰ
327 3637 438 3701 timent
455 3648 487 3701 et
504 3648 610 3702 tamen
627 3659 678 3702 res
696 3634 810 3722 premit
828 3631 1011 3719 denegare]

254 3713 307 3795 ibi
325 3742 392 3794 tum
410 3751 519 3794 eorum
535 3731 807 3814 inpudentiesuma
824 3729 953 3793 oratiost
1152 3751 1178 3793 ιο

101 3823 151 3877 635
253 3822 351 3905 ‘Quis
368 3824 404 3886 tt
421 3823 466 3888 ἐἳ
483 3823 553 3907 quis
571 3823 614 3886 mi
633 3823 676 3887 ’st
694 3844 774 3905 quor
791 3824 895 3885 meam
913 3820 988 3884 tibi?

252 3919 354 3992 Heus,
372 3919 545 4002 prdxumus
563 3939 634 3980 sum
652 3918 777 4001 egomet
794 3914 890 3978 mihi’

252 4013 299 4076 At
317 4013 422 4077 tamen
439 4009 509 4075 ‘ubi
525 4009 636 4075 fides?
655 4010 681 4074 si
699 4011 802 4097 roges,
821 4008 865 4072 nil
883 4007 1002 4096 pudent
1020 4007 1082 4084 hia,
