2602 4432
565 221 736 271 ermanno
1013 211 1016 218 “
1129 217 1197 268 xm

104 338 161 395 atsi
192 336 228 394 eli
250 336 321 393 endo
358 335 447 408 magis
479 351 562 407 quam
599 350 642 389 ex·
660 347 858 406 usquequaque
870 333 960 405 excipi
976 335 1038 391 aliis
1049 336 1195 392 trochaicis

104 355 269 476 hauriendo,
290 404 549 476 antiquissimorum,
565 408 642 486 quot·
661 401 794 473 versibus,
811 402 895 459 otiam
910 420 983 458 nunc
994 411 1055 460 rata
1066 410 1195 477 certaque

106 481 175 547 quot
202 475 335 546 indagare
363 479 485 545 poterat,
518 473 644 528 codicum
660 472 814 527 habeturll.
850 473 1131 543 omninoautemeos,
1148 474 1196 544 qui

104 543 271 599 lectionibus
298 548 435 611 uteretur,
465 540 643 595 subtilissima
661 540 785 594 strictam
807 540 1013 612 responsionem
1039 543 1069 596 in
1095 543 1195 597 consti·

105 610 273 666 observandi
292 610 425 666 facultate
443 615 527 681 atque
545 608 644 664 eximia
661 608 770 663 tuendis
796 608 912 663 Terenti
940 609 1056 665 canticis
1084 610 1195 666 efficere

105 678 192 734 totius
214 680 328 752 linguae
350 679 455 734 latinae
478 677 642 750 cognitione,
661 682 800 758 conentur,
812 677 1074 759 irusuaesseputm
1086 679 1197 735 chorica

105 746 213 819 ingenii
224 764 329 803 summo
341 747 466 802 acumine
484 752 568 817 atque
580 761 642 800 con·
661 760 863 800 en1mcarm1na
872 762 1033 817 graecarum
1042 747 1195 803 comoedia·

105 816 230 871 iactandi
249 815 325 871 felici
345 815 467 870 sollertia
487 813 642 882 excelleret,
660 830 729 882 rum,
751 830 821 884 quae
842 830 951 885 semper
967 816 1108 887 stropbica
1124 833 1195 872 oom-

106 900 162 939 non
174 901 240 939 suae
251 889 358 939 tantum
371 883 480 952 aetatis,
492 883 541 937 sed
552 887 642 952 poste·
660 882 797 951 positione
817 884 974 965 utebantur²
994 883 1024 938 in
1043 884 1106 955 ipsa
1125 902 1196 940 nova

106 951 454 1034 rorumqnoquestudiisin
480 956 543 1005 oeta
551 955 643 1031 nostro
661 950 811 1020 comoedia,
827 966 911 1033 quam
926 951 1006 1006 latmi
1022 952 1119 1007 comici
1135 953 1195 1007 imi-

106 1024 642 1171 tramittitttauttus
660 1018 1196 1158 uirtutisarsatium

106 1155 194 1213 tricae
205 1164 376 1228 potissimum
392 1156 460 1211 artis
475 1155 584 1227 legibus
599 1171 641 1209 sa·
660 1155 790 1225 tulerunt,
801 1172 903 1228 magna
912 1172 945 1211 ex
954 1162 1033 1227 parte
1043 1157 1102 1212 sine
1112 1158 1195 1213 dubio

128 1226 216 1280 ociter
236 1225 392 1298 exploratis,
415 1224 562 1296 plurimum
581 1239 642 1294 pro·
661 1222 849 1290 ἀπολελυμένα
876 1231 966 1294 erant,
998 1226 1040 1280 ita
1063 1232 1095 1281 ut
1120 1228 1196 1298 apud

107 1244 175 1362 fuit3
195 1295 312 1349 alterum
327 1295 517 1349 Fleckeiscoaos
537 1290 642 1363 signifi·
660 1291 759 1346 latinos
774 1292 882 1347 iliorum
897 1292 1062 1365 interpretes
1078 1296 1195 1366 strophi-

107 1362 179 1432 cavi,
185 1363 233 1434 qui
241 1368 270 1417 et
276 1361 642 1429 God.Hermanoi,Ritsctelii,
661 1376 722 1414 cam
734 1361 901 1415 canticorum
919 1362 1143 1432 compositionem
1154 1363 1195 1418 in·

107 1431 223 1485 aliorum
233 1431 357 1486 doctrina
366 1429 498 1484 scaenicis
507 1429 642 1483 Romano·
661 1428 827 1550 dapantibus
838 1429 918 1484 nobis
933 1447 978 1484 res
994 1432 1039 1484 vix
1054 1432 1122 1486 satis
1133 1449 1195 1568 pro-

106 1516 168 1554 rum
187 1500 277 1582 poetis
297 1498 445 1554 utilissima
463 1497 593 1563 imbutus,
615 1502 643 1552 et
661 1513 693 1551 ce
713 1502 749 1551 at.
784 1502 860 1552 ractc
876 1498 885 1550 i
907 1498 962 1552 itur
974 1498 1051 1553 Frid.
1063 1499 1123 1554 Leo
1144 1500 1193 1554 Dt.

105 1567 169 1639 ipse
188 1567 291 1622 iudicio
314 1583 447 1638 perquam
470 1581 536 1620 sano
559 1571 642 1636 atque
660 1565 716 1618 Lit.
729 1565 798 1619 1882
809 1584 836 1687 p
848 1515 909 1634 93‘5)
923 1568 1061 1622 monuisse
1076 1569 1195 1638 videtur,

106 1636 177 1691 artis
189 1635 300 1691 criticae
309 1651 411 1707 magna
421 1634 531 1706 peritia,
548 1633 642 1689 subtili
661 1633 769 1689 cantica
788 1633 809 1688 il
820 1651 838 1688 a
858 1636 1038 1705 componendi
1058 1642 1146 1691 artem
1162 1655 1196 1694 ex

106 1720 281 1759 numerorum
297 1721 379 1760 sensu
395 1720 429 1758 ac
445 1719 552 1757 summa
568 1707 641 1757 vete·
660 1701 771 1756 musicis
790 1703 882 1772 potius
898 1703 1051 1758 rationibus
1071 1705 1195 1761 iudican-

106 1791 169 1827 rum
179 1773 341 1844 scriptorum
357 1771 513 1844 cognitione
528 1788 595 1825 usus
606 1771 643 1825 ad
661 1771 725 1825 dam
736 1772 834 1825 esseli.

107 1841 270 1924 Terentium
298 1841 434 1922 edentium
460 1840 501 1895 ita
529 1843 642 1910 paratus
693 1838 738 1894 De
747 1841 909 1921 siioticorom
917 1857 1045 1895 versuum
1054 1846 1113 1896 arte
1121 1843 1195 1924 quod

107 1910 643 2049 iiiiirttta⁰i¹i¹⁰1dilfiquiomgiiit
659 1907 705 2030 tl
720 1907 1195 2034 tittttttttttttt

106 2047 195 2100 instar
223 2046 384 2114 haberetur,
416 2061 582 2116 quamquam
609 2060 642 2099 eo
660 2049 804 2099 accentum
827 2062 890 2100 cum
927 2063 1055 2101 versuum
1081 2064 1195 2103 numero

106 2114 178 2185 ipso,
194 2116 267 2184 quod
278 2113 496 2184 Umpienbachii
507 2118 642 2184 apparatu
660 2111 872 2189 consociandum
895 2114 1007 2184 attinet,
1034 2117 1194 2172 recentioris

107 2182 204 2237 critico
215 2200 309 2239 carere
321 2183 451 2251 debebat,
466 2182 558 2236 multis
575 2181 641 2237 locis
660 2181 776 2236 maxime
792 2181 892 2236 aetatis
907 2183 1032 2239 homines
1044 2185 1118 2240 docti
1132 2203 1195 2240 cum

106 2266 162 2305 non
184 2251 240 2306 iam
264 2268 326 2306 eam
348 2251 504 2305 fabularum
526 2250 642 2305 formam
659 2250 796 2320 permulta
818 2255 846 2305 et
869 2256 946 2306 recte
970 2257 998 2307 et
1021 2253 1126 2308 utiliter
1146 2255 1193 2309 ob-

107 2320 350 2390 condicionemque
370 2320 504 2442 praebet,
533 2320 642 2388 qualem
658 2319 835 2388 servaverint,
850 2323 909 2373 tum
920 2336 994 2402 vero,
1009 2326 1041 2375 ut
1052 2321 1139 2376 libere
1153 2323 1194 2377 fa·

107 2387 326 2458 antiquissimam
336 2404 369 2441 ve
396 2387 545 2458 genuinam
557 2387 641 2442 fuisse
659 2392 720 2441 tear
748 2386 779 2441 in
799 2403 831 2441 eo
850 2387 929 2441 nimii
951 2388 1037 2444 fursse
1057 2390 1192 2461 videntur,

106 2455 361 2512 nuncconfidimus.
659 2427 734 2524 quod

143 2522 641 2595 Contioorum,quaeextantin'l'crenti
659 2524 798 2594 quandam
816 2540 940 2580 normam
960 2525 1087 2597 redigere
1109 2533 1193 2598 atquc

106 2592 220 2664 fabulis,
232 2593 379 2664 compositio
389 2609 451 2646 cum
460 2591 504 2646 bis
512 2591 641 2663 proximis
659 2608 693 2646 ex
711 2592 858 2648 multorum
879 2595 1063 2665 exemplorum
1080 2612 1193 2651 consen-

107 2662 188 2717 annis
207 2661 372 2733 permultum
391 2665 512 2714 tractata
532 2665 560 2715 et
579 2676 640 2742 pro·
659 2660 735 2715 sione
754 2661 846 2733 legem
865 2661 968 2732 ubique
988 2664 1125 2719 valentem
1146 2666 1193 2719 de-

106 2731 190 2801 fecto,
210 2731 234 2786 si
254 2729 369 2802 singulis
391 2729 460 2799 ipsis
484 2729 641 2783 auctoribus
660 2729 760 2784 ducere
787 2730 943 2785 studebant.
986 2731 1055 2786 mihi
1087 2733 1193 2787 cautius

107 2800 220 2854 credere
231 2800 324 2868 liccat,
335 2798 417 2869 plane
428 2798 485 2851 iam
497 2803 642 2868 perspecta
659 2797 797 2868 agendum
808 2815 868 2853 esse
885 2799 956 2854 duco
973 2805 1001 2855 et
1016 2801 1110 2855 multis
1124 2801 1193 2856 locis

107 2883 168 2921 csse
189 2867 314 2938 putanda
336 2865 409 2934 sit10,
435 2872 529 2919 tamen
551 2865 641 2920 adhuc
659 2865 688 2919 in
707 2865 838 2922 librorum
862 2868 997 2949 scriptura
1017 2869 1192 2940 acquiescen-

105 2935 228 3016 tenebris
251 2941 280 2990 et
295 2932 426 3017 'caligine‘
448 2933 494 2987 vix
515 2933 562 2988 bic
583 2933 642 2989 illic
660 2935 733 3015 dum,
744 2934 793 2989 ubi
805 2935 1011 3017 aequabilitatis
1020 2937 1141 3019 studium
1148 2939 1194 2994 vol

105 3001 640 3141 ttttlttittttttitlttt
659 3005 987 3128 diuinitati&
1002 3005 1193 3146 ttbtllstt

106 3138 287 3194 tinuationem
303 3144 411 3211 spectat
425 3143 453 3192 et
469 3144 545 3194 recte
555 3139 641 3193 iama
659 3139 764 3194 suadet.

106 3205 233 3262 Bentleio
245 3207 318 3277 (adn.
331 3208 367 3262 ad
378 3207 465 3261 Andr.
476 3207 504 3260 II
517 3208 543 3276 1,
555 3208 581 3275 t)
593 3209 640 3263 ob·
692 3207 726 3261 In
758 3209 960 3280 ortlopropta‘cis
991 3210 1074 3265 rebus
1105 3211 1192 3266 diver-

107 3281 216 3330 scrvata
237 3280 291 3345 est,
316 3275 468 3331 octonarios
488 3276 641 3332 trochaicos
660 3274 769 3330 sitalem
804 3277 954 3333 formarum
988 3279 1054 3332 satis
1088 3280 1192 3334 evitaro

109 3371 276 3384 —-—-
660 3344 751 3398 studui
766 3345 810 3399 vel
829 3351 901 3415 tum,
922 3364 983 3400 omn
1001 3347 1123 3402 diversas
1138 3350 1192 3403 ior-

131 3431 158 3473 to
171 3429 641 3484 arroasiae,onocoompoaacom.
660 3412 875 3483 marantiquitus
884 3415 1001 3469 traditas
1010 3433 1069 3472 esse
1079 3418 1193 3471 concedi

107 3481 191 3523 d.'1'er.
204 3480 292 3533 (Berlin
301 3482 368 3533 1818),
382 3485 420 3533 qul
434 3484 462 3524 de
478 3484 641 3534 distinguendis

106 3533 248 3584 potissimum
257 3535 357 3575 stichicis
371 3538 395 3574 et
407 3536 487 3575 mutati
495 3536 584 3586 genonis
592 3548 641 3576 ver·
684 3538 709 3576 11
722 3536 817 3576 Minoris
828 3537 944 3587 momenti,
959 3538 1062 3588 quamnla
1075 3541 1136 3578 recte
1149 3539 1194 3579 tor·

107 3586 169 3625 albus
190 3586 275 3634 optime
296 3587 389 3626 meritus
415 3589 449 3626 est
471 3585 501 3636 (v.
522 3587 574 3628 Jen.
596 3588 641 3627 Lit.
659 3589 717 3626 tasse
727 3586 868 3628 observatum
879 3591 919 3638 ost,
928 3590 988 3638 quod
997 3589 1085 3630 Mora
1093 3590 1138 3641 (Do
1147 3590 1193 3631 div.

106 3637 203 3686 Zeltnnss
216 3637 266 3678 1877
283 3647 305 3686 p.
319 3637 345 3676 59
358 3636 427 3686 sqq.)3
439 3635 496 3677 ltro.
510 3637 593 3684 scitas,
606 3639 641 3678 Da
659 3649 694 3686 ap¹
704 3638 755 3678 uer.
769 3649 828 3679 vars.
836 3639 975 3690 Magdaburg
983 3642 1034 3682 1888
1041 3652 1063 3691 p.
1072 3639 1095 3690 b)
1108 3643 1193 3691 statuit,

106 3698 166 3728 vers.
187 3688 213 3727 in
234 3691 293 3728 cant.
316 3688 369 3727 Ter.
392 3689 550 3729 consecutione
572 3687 640 3740 (Dias.
660 3689 698 3728 ubi
712 3689 813 3728 ranarius
831 3690 996 3732 immisceretur
1008 3693 1093 3733 diversi
1105 3693 1194 3733 nnmari

106 3740 182 3786 inaug.
196 3738 299 3778 Berolint
312 3737 379 3787 1819),
397 3739 435 3787 qni
453 3740 541 3789 singula
554 3741 642 3780 cantica
659 3740 768 3786 versibus,
787 3742 826 3780 aut
843 3743 976 3783 antecedere
989 3743 1022 3785 lbi
1037 3746 1077 3784 aut
1089 3744 1195 3794 subsequi

106 3791 132 3829 ln
148 3789 255 3840 periodos
272 3787 319 3839 (vcl
336 3787 436 3839 ordines)
453 3789 602 3831 distribuendi
620 3794 642 3831 et
660 3791 967 3840 septenarinmtrochaicnm.

108 3841 197 3890 singula
218 3851 323 3881 somnum
346 3850 430 3890 genera
455 3841 515 3881 intcr
539 3853 563 3882 sc
590 3853 641 3882 con·
686 3844 710 3882 12
726 3842 883 3895 Antcomnia,
897 3847 1022 3895 utoplnor,
1036 3843 1193 3896 clausularum,

107 3891 212 3931 tinuandl
221 3903 286 3932 nsum
296 3902 342 3930 non
351 3892 401 3932 sinc
410 3891 643 3941 truotupsrsorutatns
660 3903 718 3943 qnae
732 3894 849 3943 dicuntur,
868 3898 949 3937 natura
965 3900 1032 3947 atque
1048 3906 1102 3936 usus
1120 3897 1195 3947 explo-

109 3944 155 3992 cstg
168 3940 216 3982 dori
223 3942 333 3990 lio'ssosr,
346 3944 375 3983 D.
385 3942 479 3984 Gsntica
491 3943 514 3983 d.
522 3944 575 3984 Ter.
590 3955 612 3984 u.
626 3946 642 3984 i.
661 3944 732 3984 rande
744 3947 767 3984 et
780 3947 938 3987 constltuendo
950 3951 1009 3996 sunt,
1023 3947 1152 3997 priusquam
1166 3948 1195 3987 ad

109 3993 242 4043 Enrytbmls
251 3991 288 4046 (N.
293 3994 372 4036 Jahrb.
382 3992 643 4045 tPhtl.suppl.-Bd.x11
661 3996 790 4036 universam
799 3998 937 4039 canticorum
946 4001 1081 4040 structuram
1088 4000 1196 4052 indagan-

109 4043 228 4097 sos-588).
662 4047 888 4100 damaggrsdlamur·

757 2471 840 2526 saepe
863 2472 943 2511 usum
965 2458 1002 2512 ad
1030 2459 1194 2514 severiorem
