2602 4432
187 213 250 282 164
582 226 758 287 PHORMIO
1097 227 1136 301 11,
1148 231 1207 287 23

186 349 248 418 Gn.
270 352 344 417 Nan
375 362 446 438 pote
477 351 553 418 satis
583 375 640 438 pro
670 353 783 463 merito
813 353 855 419 ab
881 353 935 419 illo
960 353 1019 418 tibi
1043 353 1154 419 referri

184 539 245 603 Pn.
267 519 370 604 immo
393 540 478 605 enim
500 562 593 607 nemo
608 449 773 627 gsraiiiabro
795 540 907 606 merito
928 541 1065 626 gratiam
1085 541 1155 625 regi

270 727 359 793 Tene
381 729 580 814 asymbolum
602 635 714 794 iiiiii
732 739 863 795 unetum
880 731 976 814 atque
995 730 1116 794 lautum
1135 747 1193 794 ea

610 821 742 888 balineis

116 925 168 979 340
270 894 419 981 Otiosum
441 916 482 980 ab
504 915 620 994 animo,
644 869 815 1000 quom’ille
833 927 864 982 et
882 917 958 982 eura
975 927 1006 983 et
1024 928 1153 1002 sumptu

607 1008 796 1074 absumitur!

270 1103 359 1166 Dum
377 1102 436 1167 tibi
452 1103 488 1167 fit
505 1103 592 1186 quod
603 1104 737 1188 placeat,
755 1103 808 1168 ille
821 1104 970 1190 ringitur:
989 1114 1024 1169 tu
1037 1104 1151 1182 iideas,

268 1197 360 1260 Prior
391 1197 497 1274 bibas,
533 1197 617 1284 pritir
648 1197 832 1275 decumbam
865 1201 945 1263 eina
973 1198 1069 1263 dubia
1095 1199 1152 1262 ad-

647 1291 741 1356 nitur.
883 1349 885 1354 .

185 1381 244 1448 Gn.
268 1381 356 1464 Quid
369 1384 451 1448 istuc
465 1292 685 1450 uerbistipi'n.
695 1365 761 1451 Vbi
775 1397 811 1449 tu
820 1385 944 1451 dubites
954 1386 1031 1469 quid
1044 1408 1151 1450 sumas

606 1481 825 1563 potissumum.

268 1572 360 1635 Haeo
382 1593 479 1656 quom
500 1572 655 1637 rationem
675 1575 763 1638 ineas
785 1594 882 1656 quam
903 1571 965 1636 sint
987 1571 1098 1636 suauia
1120 1583 1152 1636 et
1165 1589 1191 1630 ³⁰

607 1687 702 1750 quam
721 1670 794 1731 cara
811 1666 882 1742 sint,

114 1767 165 1822 345
268 1741 318 1824 Na
336 1757 390 1842 qui
408 1759 548 1844 praebet,
570 1759 636 1825 n6n
658 1771 693 1824 tu
710 1760 795 1824 hune
812 1759 929 1825 habeas
947 1759 1041 1845 plane
1058 1781 1152 1845 prae·

608 1856 730 1919 sentem
747 1854 861 1920 deum?

184 1943 245 2011 Gn.
269 1945 377 2012 Sinex
395 1947 497 2012 adest:
514 1947 589 2012 uide
606 1947 684 2032 quid
701 1970 792 2034 agas:
810 1947 912 2032 prima
929 1947 1051 2012 ebitiost
1063 1947 1151 2011 aeir-

606 2064 706 2105 ruma.

268 2134 305 2201 Si
326 2137 397 2201 eim
419 2134 614 2213 sustinueris,
637 2135 763 2220 postilla
784 2134 857 2212 iam,
878 2136 914 2198 ut
934 2133 1036 2212 lubet,
1058 2133 1151 2199 ludis

607 2228 690 2294 lieet.

182 2416 355 2482 Dnuu’no
378 2419 501 2482 Hucuo
521 2415 705 2483 cannava
724 2415 840 2484 Cnlnb
856 2417 1025 2483 Pnunmo
1045 2414 1149 2481 Gaas

217 2525 312 2566 suunx
361 2523 515 2569 Anvoenm
695 2526 730 2567 m
859 2524 1021 2568 numanus
1042 2524 1155 2567 suavos

183 2605 245 2670 Da.
268 2603 474 2687 Enbmquam
491 2604 664 2688 quoiquam
682 2604 933 2671 cintumelibsius
1150 2622 1203 2674 ΠΛ

270 2698 415 2762 Audistis
432 2697 549 2763 factam
567 2698 723 2775 iniiuiam,
741 2719 838 2782 quam
854 2698 934 2763 haee
951 2698 999 2762 ist
1015 2697 1111 2761 mihi?

113 2799 167 2854 350
269 2792 392 2856 Adeste
409 2812 536 2875 quaeso.
569 2788 630 2857 Gn.
649 2791 753 2857 Iratus
772 2802 830 2857 est.
859 2793 920 2857 Pn.
939 2790 1026 2870 Quin
1043 2802 1078 2855 tu
1091 2790 1150 2856 hta

609 2906 684 2970 age:

268 2980 338 3045 Iam
357 3000 417 3065 ego
435 2979 520 3043 hine
537 2978 674 3064 agitabo.
710 2980 767 3064 prb
784 2979 879 3044 deum
896 2978 1120 3055 inmortalium,

267 3074 375 3160 Negat
399 3072 559 3137 Phanium
590 3095 659 3138 esse
689 3071 771 3136 hane
803 3072 862 3136 sibi
889 3084 1055 3158 cognatam
1082 3072 1149 3139 Di·
1164 3090 1190 3132 s

608 3166 735 3252 miphoi

269 3264 363 3327 Hane
373 3260 534 3347 Demipho
548 3271 644 3346 negat
656 3261 725 3325 isse
739 3261 925 3347 cognatam?
953 3257 1015 3325 Gn.
1033 3259 1149 3346 Negat.

184 3359 244 3424 Pn.
266 3358 378 3441 Neque
393 3358 460 3420 eius
473 3365 596 3440 patrem
609 3377 643 3420 se
656 3357 735 3420 seire
749 3355 805 3439 qui
817 3354 931 3420 iuuit?
958 3352 1019 3421 Gn.
1033 3353 1149 3441 Negat.

115 3457 167 3511 355
184 3452 248 3518 Du.
266 3452 377 3537 Ipsum
394 3451 464 3515 isse
482 3448 592 3533 opinor
610 3449 649 3513 da
667 3470 730 3532 quo
748 3449 899 3536 agebam:
923 3448 1098 3532 sequimini.

186 3547 259 3634 [Pu.
269 3547 338 3612 Nee
356 3540 558 3628 Stilphonem
577 3543 682 3629 ipsum
716 3543 797 3611 seire
830 3543 886 3628 qui
920 3543 1034 3608 fuerit?
1086 3540 1149 3609 Gn.

219 3670 222 3674 “
606 3635 737 3724 Negat]

183 3737 244 3800 Pu.
267 3733 352 3814 Quia
370 3734 467 3818 egens
484 3732 622 3798 relictast
638 3733 762 3810 misera,
780 3731 945 3818 ignoratur
961 3752 1086 3818 parens,
1164 3750 1191 3792 ιο

270 3828 455 3914 Neclegitur
471 3828 553 3914 ipsa:
572 3827 646 3892 uide
664 3827 797 3891 auaritia
813 3827 890 3910 quid
906 3827 992 3893 fauit.

186 3923 248 3990 Gn.
272 3922 309 3990 Si
327 3946 415 3989 erum
432 3921 629 4006 insimulabis
646 3920 793 3999 malitiae,
811 3922 894 3987 male
911 3921 1031 3987 audies.

98 4025 158 4082 360
174 4018 239 4086 Da.
267 4016 502 4087 Oaudaieiami
522 4016 618 4084 etiam
635 4037 688 4083 me
704 4015 787 4083 ttuo
806 4027 988 4084 accusatum
1006 4014 1147 4085 aduenit.
