2602 4432
170 218 233 291 218
578 233 735 294 fluetus
1010 235 1064 308 III,
1077 239 1102 294 ἃ
1114 235 1170 308 IV,
1183 236 1202 294 1

257 360 351 442 Quae
369 360 440 427 dieo
458 361 551 448 parui
566 362 720 448 pdndunt.
756 370 847 447 porto
864 360 925 426 hoo
942 359 1083 447 it'ugium

254 455 311 520 Ad
327 456 469 532 uxorem,
487 454 602 540 quoius
620 456 699 521 haee
716 456 800 520 flunt
817 455 947 520 oonsilio
965 455 1083 529 omnia,

101 555 153 608 515
254 550 364 633 Atque
380 552 414 614 in
431 572 502 616 eam
519 548 581 613 hoo
598 571 691 615 omne
709 550 797 634 quod
818 549 896 613 mihi
918 562 1044 636 aegrest
1066 550 1146 612 duo·
1160 564 1188 607 os

593 666 689 709 mam.

407 832 609 898 Minurus
668 831 904 898 Pu1n11³1³vs

449 941 563 984 usurus
736 938 833 982 surrex

169 1021 237 1085 Mu.
255 1020 353 1098 Perii,
380 1018 458 1104 quid
484 1021 596 1105 agam?
631 1019 694 1102 qud
719 1041 772 1083 me
792 1018 935 1082 uortam?
963 1017 1040 1102 quid
1066 1015 1201 1093 uirum

595 1134 665 1177 meo
683 1112 882 1198 rdspondebo

254 1207 395 1272 Misera?
419 1230 495 1272 nam
522 1207 683 1271 audiuisse
708 1228 820 1271 uocem
846 1204 937 1291 pieri
958 1204 1062 1270 uisust
1084 1205 1144 1269 ua·

592 1299 723 1385 gientis:

254 1375 305 1460 ita
322 1393 474 1480 corripuit
491 1393 661 1479 ddrepente
679 1393 794 1458 tacitus
812 1415 882 1458 sese
899 1392 941 1458 ad
958 1392 1067 1457 ffliam.

255 1488 351 1571 Quod
378 1489 406 1554 si
431 1488 572 1555 rescierit
596 1488 758 1573 peperisse
785 1510 871 1564 eam,
892 1488 930 1552 td
954 1508 1019 1572 qua
1044 1507 1145 1551 oausa

593 1582 674 1646 olam
692 1605 744 1646 me
762 1580 912 1646 habuisse

100 1683 152 1738 520
253 1675 381 1753 Dicam,
399 1697 464 1742 non
481 1675 595 1761 edepol
613 1676 688 1740 scio.
1170 1691 1188 1737 o

255 1770 322 1837 Sed
348 1769 465 1835 ostium
491 1768 684 1854 concrepuit.
724 1769 819 1834 oredo
845 1768 951 1854 ipsum
982 1767 1069 1833 dxire
1100 1767 1144 1833 ad

592 1885 659 1928 me:
682 1864 770 1928 nulla
787 1886 868 1928 sum.

169 1960 229 2023 Pu.
252 1939 342 2025 onr
359 1958 415 2022 ubi
432 1980 484 2022 me
501 1958 543 2022 ad
560 1957 661 2021 filiam
677 1957 723 2022 ire
742 1957 848 2033 sonsit
866 1979 901 2022 se
920 1957 1010 2021 duxit
1027 1956 1129 2021 foras:

253 2055 363 2136 Atque
385 2054 493 2117 docum
517 2048 651 2136 [uideo].
686 2050 764 2135 quid
786 2059 848 2127 a'1's‚
870 2050 1035 2136 Myrrina?
1061 2051 1143 2116 heus

592 2144 650 2208 tibi
668 2144 748 2209 dico.
775 2144 844 2208 Mr.
858 2144 994 2222 Mihine,
1011 2146 1056 2208 mi
1073 2145 1144 2208 uir?

168 2240 230 2306 Pu.
253 2241 312 2308 Vir
330 2261 390 2326 ego
408 2251 479 2305 tuos
497 2239 575 2303 sim?
593 2239 628 2302 td
645 2238 750 2302 uirum
766 2261 818 2303 me
837 2249 893 2303 aut
909 2237 1068 2322 homiuem
1087 2239 1144 2304 de·

592 2334 685 2418 putas
703 2331 782 2396 adeo
801 2334 889 2396 esse?

100 2437 152 2490 525
249 2428 338 2509 ¹Nam
364 2428 392 2493 si
417 2426 575 2493 utrumuis
601 2426 724 2501 horum,
750 2425 874 2504 mulier,
903 2427 1057 2510 {umquam
1082 2425 1143 2492 tibi
1157 2447 1186 2488 ro

593 2519 681 2584 uistis
699 2520 811 2597 forem,

253 2616 325 2681 Nou
343 2615 389 2681 sio
406 2614 543 2680 ludibrio
568 2613 631 2678 tuis
653 2612 745 2677 factis
766 2612 893 2678 habitus
916 2635 1028 2679 essem.
1071 2613 1143 2682 Mr.

595 2706 740 2788 Quibus?
773 2706 834 2772 Pu.
852 2708 900 2771 At
916 2707 1056 2793 rogitas?

253 2802 384 2889 Peperit
401 2802 479 2867 filia:
498 2802 582 2878 hem,
600 2800 706 2867 taces?
728 2824 768 2866 ex
784 2800 868 2885 quo?
892 2799 961 2867 Mr.
980 2802 1068 2867 Istde
1084 2825 1143 2888 pa-

594 2907 674 2960 trem
691 2898 804 2980 rogare
822 2905 870 2960 est
887 2895 1043 2979 aequom?

253 2991 354 3056 Periit
387 3013 427 3056 ex
453 3011 517 3074 quo
548 2991 658 3054 censos
687 2989 748 3053 nisi
779 3012 819 3054 ex
849 2989 904 3052 illo
930 2990 1006 3073 quoi
1037 2989 1143 3056 datast

594 3093 728 3168 nuptum
746 3081 897 3147 obsecro?

94 3218 96 3222 ν
168 3182 229 3245 Pu.
252 3179 373 3245 Credo:
394 3199 499 3262 neque
517 3178 597 3243 adeo
614 3176 759 3241 arbitrari
776 3175 873 3261 patris
892 3187 939 3240 est
957 3175 1057 3242 aliter.
1085 3178 1143 3243 sod

595 3270 742 3347 demiror,

101 3375 152 3427 530
255 3367 343 3449 Quid
368 3366 410 3433 sit
435 3388 532 3451 quam
558 3365 600 3429 ob
626 3386 694 3429 rem
719 3365 807 3428 tanto
833 3385 928 3449 opere
955 3365 1058 3430 omnis
1084 3366 1143 3431 nos
1157 3385 1185 3428 ιε

594 3459 695 3522 celare
712 3456 853 3522 uolueris

254 3555 398 3629 Portum,
417 3553 600 3638 praesertim
614 3571 713 3634 quom
728 3561 760 3615 et
776 3562 860 3616 reete
874 3562 906 3616 et
923 3552 1065 3638 tempore
1084 3575 1143 3619 suo

595 3644 760 3730 pepererit„

255 3721 371 3806 Adeon
397 3738 556 3826 peruioaoi
583 3761 652 3804 esse
678 3737 798 3815 animo,
828 3749 864 3802 ut
889 3739 1024 3823 pderum
1049 3761 1144 3824 prae·

268 3910 274 3928 ,
593 3833 718 3916 optares
735 3830 847 3916 perire,

256 3928 307 3992 Ex
316 3948 380 4010 quo
394 3925 563 3991 firmiorem
576 3925 729 4033 internos
743 3924 811 3989 fore
825 3923 996 3989 amicitiam
1009 3924 1143 4010 posthac

593 4038 702 4097 sortes,
