2602 4432
296 1095 332 1174 0.
361 1094 601 1175 SVETONI
624 1095 974 1190 TRANQVILLI

440 1289 556 1354 VITA
577 1289 823 1354 reanum.

79 1617 148 1720 ’ἐξ
221 1646 408 1702 P.Terentius
417 1643 660 1716 AferCarthagine
670 1649 751 1698 natus
761 1643 857 1698 seruiit
865 1644 970 1698 Romae
979 1642 1111 1698 Terentio

117 1737 130 1779 5
147 1733 261 1786 Lucano
277 1729 406 1799 senatori,
423 1746 441 1783 a
458 1746 513 1800 quo
529 1731 565 1784 ob
581 1728 722 1800 ingenium
740 1734 767 1783 et
779 1729 894 1783 formam
906 1745 960 1782 non
971 1729 1111 1783 institutus

146 1817 227 1871 modo
239 1814 399 1884 liberaliter,
416 1816 465 1869 sed
477 1819 506 1868 et
521 1819 627 1868 mature
638 1831 721 1868 manu
732 1814 830 1868 missus
843 1821 893 1871 est.
922 1813 1034 1885 quidam
1046 1830 1110 1884 cap·

146 1909 205 1958 tum
218 1919 277 1956 esse
290 1901 458 1955 existimant:
475 1901 549 1972 quod
566 1901 625 1956 fieri
642 1901 809 1955 nullomodo
821 1902 943 1972 potuisse
955 1901 1112 1955 Fenestella

147 1989 237 2058 docet,
254 2005 315 2043 cum
331 1988 404 2042 inter
420 1987 502 2042 finem
519 1988 632 2043 secundi
643 1987 743 2042 Punici
759 1988 826 2043 belli
842 1995 870 2042 ct
881 1987 989 2042 initium
1001 1989 1076 2043 tertii
1087 1999 1111 2042 et
1128 1991 1145 2043 5

106 2090 131 2129 10
148 2082 228 2129 natus
240 2077 271 2127 sit
285 2079 314 2129 et
324 2079 459 2143 mortuus3
476 2090 536 2143 nec,
554 2072 577 2126 si
590 2090 607 2128 a
619 2073 746 2130 Numidis
758 2078 807 2128 aut
819 2073 945 2138 Gaetulis
957 2079 1053 2144 eaptus
1065 2073 1110 2143 sit,

78 2183 101 2223 p.
111 2173 136 2214 rr
149 2160 185 2215 ed
195 2160 327 2214 dominum
337 2160 490 2214 Romanum
499 2160 642 2230 peruenire
651 2160 773 2231 potuisse
782 2160 857 2214 nullo
869 2160 1030 2214 commercio
1039 2161 1111 2214 inter

147 2245 259 2299 italicos
272 2250 301 2299 et
311 2245 395 2299 Afros
407 2245 459 2298 nisi
471 2250 533 2316 post
545 2245 665 2299 deletam
677 2244 872 2317 Carthaginem
885 2249 990 2315 coepto.

215 2330 270 2384 Hic
280 2348 341 2385 cum
350 2331 444 2384 multis
453 2330 592 2386 nobilibus
601 2329 775 2384 familiariter
783 2330 915 2399 uixit,sed
923 2331 1039 2385 maxime
1049 2348 1110 2385 cum

149 2415 276 2487 Scipione
293 2417 427 2472 Africano
443 2423 471 2472 et
487 2417 517 2472 O.
535 2417 645 2486 Laelio,
667 2416 767 2486 quibus
783 2417 867 2472 etiam
883 2417 1004 2488 corporis
1019 2418 1111 2490 gratia
1129 2419 1162 2478 10

118 2515 131 2557 c
148 2502 309 2557 conciliatus
327 2502 508 2557 existimatur:
526 2502 599 2573 quod
616 2508 644 2556 et
660 2502 749 2572 ipsum
765 2503 922 2556 Fenestella
938 2502 1030 2573 arguit
1046 2520 1110 2558 con-

147 2587 262 2642 tendens
270 2592 386 2656 utroque
396 2587 526 2643 maiorem
535 2593 602 2642 natu
611 2581 836 2658 fuisse‚quamuis
845 2589 971 2659 ctNepos
980 2589 1110 2658 aequales

148 2690 241 2728 omnes
253 2672 338 2738 fuisse
351 2674 442 2728 tradat
454 2679 483 2727 et
490 2672 606 2727 Porcius
616 2673 795 2742 suspitionem
804 2674 838 2727 de
851 2672 1048 2728 consuetudine
1059 2691 1110 2746 per

147 2759 216 2813 baec
227 2757 325 2813 faciat:

181 2840 254 2897 Dum
269 2841 410 2898 lasciuiam
422 2843 555 2898 nobilium
568 2849 597 2898 et
607 2841 704 2899 laudes
716 2843 824 2899 fucosae
835 2845 914 2915 petit,
1128 2828 1168 2903 15Ι

105 2943 131 2982 ro
182 2929 254 2982 Dum
267 2912 394 2984 Africani
407 2926 502 2984 uocem
515 2929 636 2983 diuinam
648 2927 737 2984 inhiat
748 2929 837 2984 auidis
848 2927 970 2998 auribus,

181 3011 256 3067 Dr'nn
269 3015 304 3068 ad
318 3015 428 3067 Philum
440 3031 469 3068 se
482 3011 602 3069 renitere
615 3020 643 3068 ct
654 3012 780 3069 Laelium
792 3011 937 3085 pulchrrim
948 3020 1037 3086 putat,

180 3096 256 3153 Dim
267 3099 296 3153 in
307 3100 447 3153 Albanum
459 3096 555 3154 crebro
567 3101 672 3170 rapitur
684 3098 720 3154 ob
733 3101 827 3154 florem
839 3099 938 3154 aetatis
950 3117 1029 3156 suae:

77 3208 100 3248 p.
110 3198 136 3239 aa
182 3185 245 3238 Surb
253 3185 377 3255 postlutis
389 3181 472 3239 rebus
485 3186 520 3239 ad
533 3201 667 3239 summam
678 3182 800 3256 inopiam
811 3183 940 3240 redactus
952 3192 1002 3241 est.

181 3252 281 3341 ltaque
303 3287 336 3324 ex
357 3275 505 3340 conspectu
526 3267 646 3326 omnium
665 3272 710 3324 ubi
729 3270 788 3325 abit
808 3268 941 3326 Graeciae
959 3272 989 3326 in
1009 3279 1110 3328 terram
1129 3269 1164 3324 20

604 3353 737 3425 ultimam,

182 3437 317 3494 Mortuost
330 3437 494 3508 Stymphali,
506 3439 643 3495 Arcadiae
656 3443 683 3494 in
695 3437 809 3511 oppido:
822 3442 862 3494 nil
873 3438 975 3496 Priblio
1030 3445 1038 3451 ”

184 3521 278 3594 Scipio
289 3535 342 3578 tam
353 3522 466 3594 profuit,
478 3525 517 3578 nil
529 3524 650 3595 Laelius,
662 3527 702 3579 nil
713 3524 821 3595 Furius,

117 3620 130 3660 5
182 3605 253 3663 Tres
265 3625 315 3679 per
326 3608 355 3662 id
367 3606 475 3679 tempris
488 3611 535 3680 qui
546 3611 692 3682 agitabant
703 3609 809 3667 nobiles
821 3609 972 3668 facillume:

179 3692 281 3749 Eorum
292 3695 340 3748 ille
352 3711 437 3766 opera
449 3695 484 3752 ne
499 3700 608 3752 domum
621 3700 732 3770 quidem
744 3699 843 3755 habuit
854 3697 1063 3772 conducticiam‚
1125 3698 1160 3751 25

181 3778 285 3834 saltem
297 3787 328 3833 ut
340 3787 412 3834 esset
423 3780 478 3850 quo
490 3783 606 3839 referret
617 3783 722 3839 obitum
734 3785 836 3839 domiui
848 3784 977 3840 seruolus.

216 3863 334 3935 Scripsit
350 3867 505 3921 comoediae
521 3887 576 3937 sex,
599 3886 632 3923 ex
649 3869 748 3940 quibus
764 3871 879 3940 primam
896 3871 1030 3924 Andriam
1047 3888 1109 3925 cum

147 3951 284 4006 aedilibus
307 3953 399 4021 daret,
425 3954 513 4008 iussus
536 3961 600 4009 ante
625 3954 743 4009 Caecilio
766 3958 882 4012 recitare
906 3959 942 4011 ad
966 3967 1109 4012 cenantem

106 4050 131 4089 ro
148 4053 208 4090 cum
224 4036 359 4108 uenisset,
377 4038 474 4093 dicitur
490 4038 596 4095 initium
613 4041 724 4111 quidem
740 4041 861 4112 fabulae,
881 4042 954 4110 quod
971 4048 1030 4098 crat
1045 4058 1108 4098 con·

894 4129 931 4181 p
