2602 4432
103 228 141 304 11,
153 231 209 288 3.4
547 230 723 290 PHORMIO
1060 215 1120 283 167

238 354 353 421 Donec
383 355 546 442 perfecero
577 355 650 514 brie(i
688 355 749 419 Pn.
776 353 906 440 Ineptis.
954 353 1017 419 Dn.
1045 351 1121 419 Sine
1140 357 1191 411 420

577 471 630 514 mo
652 470 682 513 ο.

153 543 214 608 Pu.
232 543 398 608 Postremo
416 554 522 609 tenum
539 543 583 608 nss
600 543 646 608 rei
663 541 766 620 nobis,
784 541 955 627 Demipho,
974 551 1035 606 eet:

116 654 143 697 te
240 636 328 701 Tuos
345 638 393 701 det
410 636 578 702 damnatus
595 637 720 722 gndtus,
738 656 802 700 non
819 646 868 712 tu;
890 637 964 699 ndm
982 646 1038 699 tua

238 729 448 796 Praeterierut
465 729 528 795 iam
547 729 783 795 adducendum
801 740 898 794 aetas.
924 727 987 793 Du.
1004 707 1122 793 Omnia

238 918 333 982 Ilium
350 928 471 1004 putato,
489 824 655 1004 quaeldssd
666 940 751 982 nune
768 917 849 995 dico,
868 917 985 994 dicere3
1196 982 1199 987 .

238 1013 306 1077 Aut
332 1012 460 1096 quidem
490 1034 563 1077 eum
594 1032 692 1077 uxore
724 1011 784 1076 hae
812 1013 918 1097 ipsum
947 1009 1121 1097 prohibebd
1138 1015 1190 1070 425

575 1104 679 1170 domo.

154 1195 216 1262 Gn.
239 1198 342 1262 irdtus
361 1208 417 1263 est.
461 1192 521 1263 Pu.
539 1197 592 1263 Tu
609 1199 641 1262 td
658 1196 743 1263 idem
760 1197 873 1262 melius
891 1197 1014 1262 feceris.

114 1307 140 1349 eo
153 1291 216 1356 Du.
235 1292 305 1356 Itan
323 1293 357 1355 ds
376 1302 504 1378 paratus
523 1291 627 1357 fdeere
644 1313 696 1356 me
714 1291 886 1356 aduorsum
903 1291 1018 1368 dmnia,

236 1385 372 1450 Infelix?
406 1387 466 1451 ΡΗ.
484 1385 602 1450 Metuit
619 1385 671 1450 hie
687 1408 756 1464 nos,
774 1395 840 1450 tam
858 1386 917 1451 etsi
933 1385 1043 1450 sedulo

235 1478 436 1545 Dissimulet.
489 1479 550 1546 Gn.
585 1481 674 1546 Bene
709 1480 828 1546 habent
863 1478 921 1545 tibi
954 1479 1118 1566 principia.

573 1573 633 1639 Pu.
652 1573 740 1654 Quin
756 1573 843 1657 quod
861 1584 909 1639 est

234 1667 419 1734 Ferdndum
436 1667 520 1734 sere?
541 1667 604 1733 tuis
622 1667 754 1755 dignum
771 1668 863 1733 factis
880 1667 1003 1745 fdeeris,
1135 1680 1188 1735 430

237 1762 282 1828 Vt
304 1762 397 1827 amici
418 1762 499 1828 inter
520 1784 578 1826 nos
601 1763 708 1828 simus.
751 1760 815 1826 Dn.
833 1763 928 1848 Egon
950 1773 1038 1827 tuam
1064 1763 1119 1826 dx·

240 1869 243 1874 ’
573 1867 680 1940 petam

112 1965 139 2006 ut
237 1949 436 2013 Amicitiam?
458 1961 514 2014 aut
531 1960 562 2015 te
580 1951 684 2013 uisum
702 1959 757 2013 aut
775 1949 917 2014 auditrim
934 1950 1050 2015 uelim?

149 2041 209 2106 ΡΗ.
234 2041 270 2108 Si
287 2042 491 2107 edneordabis
509 2064 582 2107 cum
598 2043 662 2117 illa,
680 2041 812 2107 habebis
829 2045 911 2125 quud
929 2056 1016 2108 tuam

237 2134 441 2201 Senectdtem
458 2136 609 2201 oblectet:
631 2135 753 2221 rdspice
771 2138 906 2201 aetntdm
925 2148 1023 2203 tuum.

150 2226 213 2293 Du.
235 2229 284 2295 Te
309 2229 458 2307 oblectet,
484 2229 543 2294 tibi
567 2229 659 2295 habe.
704 2230 764 2294 Pu.
786 2230 900 2296 Minue
925 2254 1002 2296 uero
1027 2233 1115 2297 iram.
1133 2244 1185 2299 435

571 2322 635 2387 Dr.
653 2324 726 2387 Hde
742 2346 817 2410 age:

235 2414 320 2481 Satis
337 2415 400 2479 idm
418 2416 631 2482 uerborumst:
653 2417 714 2481 nisi
730 2428 764 2483 tu
783 2439 932 2504 properas
954 2419 1116 2486 mulierem

110 2529 137 2569 m
233 2508 414 2586 Abddcere,
432 2531 493 2594 ego
510 2509 595 2574 illam
615 2506 738 2574 eiciam.
774 2511 850 2588 dixi,
867 2511 1026 2576 Phdrmio.

149 2602 208 2666 Pu.
233 2601 269 2668 Si
282 2616 316 2666 tu
334 2602 420 2666 ssiam
432 2603 573 2688 attigeris
586 2605 677 2668 sdeus
690 2624 786 2687 quam
800 2605 961 2689 dignumst
973 2607 1115 2684 liberam,

101 2718 105 2754 1
233 2694 349 2760 Dicdm
367 2697 424 2760 tibi
442 2697 604 2783 inpingam
622 2698 785 2782 grdndem.
820 2699 893 2776 dixi,
912 2699 1083 2785 Demiph0.

234 2786 270 2854 Si
293 2789 370 2872 quid
395 2811 475 2874 opus
500 2790 606 2865 fuerit,
633 2790 721 2869 heris,
749 2791 842 2855 domo
867 2814 928 2857 me.
974 2791 1035 2858 Gn.
1060 2794 1115 2858 In·
1131 2806 1184 2860 440

571 2883 697 2968 tdllego.

170 3070 341 3136 Dnurrno
399 3066 507 3134 Gerr
565 3071 688 3136 Hnuro
742 3069 924 3138 Currruvs
980 3072 1093 3140 Curuo

204 3179 299 3222 surrux
393 3176 504 3219 servos
546 3176 700 3221 revocem
932 3181 966 3222 111
1143 3166 1288 3261 Μ

106 3254 216 3329 n,rD1r.
234 3258 364 3339 Quanti
381 3279 430 3321 me
449 3278 524 3321 eura
541 3267 572 3322 et
589 3257 796 3324 sdllieitudine
812 3257 920 3325 adficit
1130 3269 1275 3350 f

234 3351 371 3428 Gnutr'rs,
389 3351 444 3434 qui
461 3373 513 3416 me
531 3362 562 3416 et
579 3374 613 3416 se
630 3351 716 3418 hisce
733 3353 887 3437 inpediuit
904 3353 1036 3439 nuptiis!
1190 3315 1263 3496 ἶ

233 3447 346 3528 Neque
364 3445 407 3508 mi
422 3447 456 3509 in
474 3456 678 3531 conspectum
695 3447 807 3531 prddit,
825 3459 860 3511 ut
877 3448 988 3513 saltem
1006 3448 1113 3528 sciam,

235 3539 323 3620 Quid
340 3539 379 3603 de
398 3540 436 3605 ed
453 3561 487 3604 re
505 3540 589 3603 dicat
607 3539 725 3622 quidue
742 3540 782 3605 sit
800 3541 982 3606 sententiae.
1215 3578 1289 3685 s

124 3652 138 3694 5
234 3632 311 3709 Abi,
329 3635 396 3696 uise
414 3633 580 3698 redieritne
597 3632 660 3696 iam
679 3656 720 3697 an
736 3655 801 3698 non
818 3635 893 3698 dt'un
911 3636 1050 3700 domum.
1132 3639 1184 3694 445

150 3726 213 3794 Gn.
236 3726 294 3791 ut.
314 3759 355 3768 -
373 3722 435 3785 Dr.
453 3720 576 3789 Videtis
594 3741 657 3802 quo
673 3721 707 3783 in
725 3721 795 3785 loco
814 3743 864 3786 res
881 3721 959 3787 haee
977 3723 1050 3788 siet:

236 3818 323 3899 Quid
335 3820 415 3904 dgo?
430 3818 490 3894 die,
501 3816 618 3901 Hegio·
635 3819 699 3881 ΗΕ.
709 3807 801 3904 Ego?
820 3821 983 3887 Cratinum
993 3824 1115 3898 censeo,

147 3958 151 3968 .
236 3912 272 3979 Si
298 3910 355 3976 tibi
381 3909 515 3975 uidetur.
559 3909 622 3972 Dn.
640 3909 713 3989 Die,
737 3911 875 3979 Cratine.
920 3914 996 3981 cm.
1018 3915 1116 3984 Mene

574 4000 642 4068 uie?
684 4068 687 4073 .
