2602 4432
103 232 185 305 nra

115 375 141 417 8⁶

557 229 714 287 mecm
1057 214 1121 281 213

239 356 306 424 sed
326 378 423 443 quom
445 364 533 420 orata
554 353 648 420 huists
670 351 866 430 reminiscor,
891 353 1015 436 nequeo
1042 352 1120 437 quin
1137 365 1189 421 385

576 448 749 514 laerumem
767 448 872 512 miser.

239 544 410 629 ‘Quaeque
432 544 498 609 fors
520 543 691 608 fortimast’
717 543 831 627 inquit,
857 540 963 607 ‘nebia
984 560 1067 625 quae
1088 551 1120 607 te

578 637 672 703 hodie
690 637 815 714 tbtulit,

237 734 302 798 Per
315 756 385 799 eam
398 742 430 798 te
443 732 645 798 obsecramus
660 731 784 808 ambae,
799 730 898 808 eiius,
912 729 996 794 sisae
1006 731 1064 806 tet,
1074 729 1120 794 uti

237 809 388 893 Aduorea
406 826 474 892 eius
491 828 548 911 per
570 837 602 934 te
624 836 707 890 taeta
729 826 886 909 tacitaque
910 824 997 910 apud
1019 827 1120 889 omnis

239 1014 276 1082 si
301 1016 453 1099 {unquam
481 1036 557 1099 erga
576 930 746 1078 ⁸tlemgrrimo
773 1014 843 1078 esse
869 1012 970 1078 amieo
997 1012 1120 1077 sensisti
1187 1058 1190 1068 .

534 1121 536 1125 '
576 1130 657 1185 eam,
675 1106 720 1171 mi
736 1106 914 1193 Pamphile,

240 1202 316 1270 Sine
339 1203 447 1269 labore
468 1201 551 1267 hane
573 1201 708 1288 gratiam
730 1212 762 1267 te
784 1212 820 1265 ut
837 1201 896 1265 sibi
914 1202 969 1266 dee
992 1222 1049 1286 pro
1066 1200 1122 1265 illa
1137 1212 1189 1266 390

240 1388 391 1456 ceterum
413 1391 452 1455 de
474 1297 865 1468 ,rddu2ffi,r?,1ga1rtg,1„‚
892 1388 978 1473 quod
998 1387 1032 1453 in
1053 1409 1120 1453 rem

237 1578 400 1645 Parturire
418 1581 487 1644 eam
505 1600 565 1643 nee
578 1486 748 1700 ἓξηῖιῃιῗῑῗῶ
767 1601 835 1643 ease
849 1580 889 1643 ex
902 1588 933 1642 te
947 1577 1032 1642 solus
1046 1578 1121 1642 etn-

238 1765 338 1854 [Nam
356 1766 444 1831 aiunt
461 1776 566 1831 tecum
577 1694 797 1874 sgelssltstiuobus
811 1765 1019 1830 concubuisse
1032 1787 1121 1830 men·

237 1955 333 2031 Tum,
349 1964 517 2038 postquam
532 1860 728 2030 adstffrlrznit,
746 1954 862 2018 mensis
876 1953 981 2039 agitur
992 1953 1044 2018 hie
1056 1953 1120 2018 iam

575 2045 771 2133 septumum]

238 2141 336 2225 Qum
353 2153 384 2209 te
401 2141 481 2208 seire
498 2142 568 2228 ipsa
583 2141 703 2206 indicat
720 2163 781 2207 res.
816 2142 901 2211 mine
918 2141 945 2206 ei
961 2142 1044 2228 potis
1062 2153 1119 2221 est,
1137 2151 1189 2206 395
1237 2206 1239 2209 .

575 2235 754 2321 Pamphile,

236 2331 391 2396 Mtxume
416 2330 490 2396 uolt
518 2330 623 2415 doque
649 2352 791 2416 operam,
822 2341 857 2394 ut
887 2330 969 2396 clam
996 2330 1121 2396 eueniat
1180 2363 1182 2367 ⁴

576 2425 685 2511 partr'rs
703 2436 825 2509 patrem

128 2576 130 2582 .
237 2499 347 2601 Atque
365 2517 444 2582 adeo
463 2518 575 2582 omnis.
602 2518 659 2582 sed
677 2517 704 2581 si
720 2518 756 2582 id
771 2517 839 2582 fieri
852 2517 914 2582 ndu
927 2528 1031 2603 potest
1042 2517 1120 2602 quin

578 2610 724 2688 sentiant,

114 2735 116 2738 ·
237 2704 353 2770 Dieam
367 2705 512 2769 abortum
526 2706 610 2770 ease:
625 2705 690 2768 seio
705 2704 822 2771 nemini
834 2703 925 2770 aliter
938 2705 1120 2790 suspeetr'rm

576 2798 655 2876 fore,

238 2892 335 2976 Quin,
358 2894 445 2978 quod
461 2893 530 2958 ueri
547 2892 688 2970 similest,
711 2915 752 2959 ex
768 2904 800 2958 te
817 2894 902 2959 reete
920 2904 993 2959 eum
1010 2895 1119 2958 natr'rm

577 3000 698 3074 putent.

239 3080 399 3148 Ctntinuo
418 3084 606 3168 exponetur:
624 3082 675 3147 hie
692 3082 750 3147 tibi
767 3083 811 3147 nss
825 3094 872 3147 est
884 3082 1055 3167 quiequam
1071 3083 1120 3148 in-
1137 3092 1188 3147 400

249 3254 255 3270 ‚
577 3176 743 3251 edmmodi,

236 3270 338 3336 Erilli
352 3271 484 3336 miserae
498 3271 628 3356 indigne
640 3270 757 3335 saetam
768 3264 915 3335 inir'rriam
924 3272 1119 3337 contexeris?

237 3364 401 3429 Pttlicitus
428 3387 498 3429 sum
524 3377 556 3429 et
582 3366 708 3430 seruare
734 3366 767 3429 in
793 3386 830 3430 eo
857 3366 1008 3430 certumst
1033 3367 1119 3450 quod

576 3457 642 3521 dixi
658 3457 762 3522 fidem.

236 3552 319 3616 Nam
343 3551 383 3616 de
404 3551 617 3629 redduetnda,
638 3552 672 3615 id
694 3574 770 3617 uero
788 3575 828 3618 ne
844 3553 989 3636 trtiquam
1006 3552 1120 3621 hones·
1257 3566 1259 3570 ’

576 3658 644 3710 tum
663 3669 732 3711 ease
748 3647 892 3725 arbitror,

236 3739 305 3805 Nee
318 3739 443 3818 faciam,
462 3740 520 3807 etsi
535 3740 624 3806 amer
640 3763 691 3805 me
709 3741 848 3826 grauiter
860 3741 1118 3826 ctnsuetudoque

575 3837 643 3900 eius
662 3845 756 3900 tenet.

238 3928 412 4007 Lacrumo,
443 3950 525 4012 quae
551 3928 683 4015 posthae
708 3930 844 3995 futuraet
869 3931 936 3996 utta
962 3952 1060 4019 quom
1084 3930 1118 3999 in
1134 3935 1186 3995 405

575 4025 718 4093 mentem
731 4023 826 4097 ama
