2602 4432
175 212 237 278 166
571 225 747 285 PHORMIO
1128 224 1199 296 tta

105 355 157 412 390
260 347 401 437 Stilptst
444 348 507 415 Da.
531 349 637 431 Quem
666 348 763 414 dixti?
809 349 869 414 Ριι.
893 347 1069 436 Stilponem
1095 348 1145 413 in-

599 465 696 528 quam
714 444 856 508 ndueras.

172 538 235 603 Dr.
258 538 372 622 Neque
389 539 450 624 ego
467 538 555 603 ilium
573 560 683 603 noram
699 539 803 621 ndque
819 538 864 602 mi
882 538 1034 625 cognatim
1052 538 1113 602 fuit

259 630 439 717 Quisquam
450 634 531 698 istoc
543 631 680 697 nomine.
706 633 766 697 Ριι.
781 613 891 698 itane?
908 652 973 698 nou
986 644 1017 698 te
1030 632 1144 696 hortun
1159 648 1187 690 ec

596 726 714 812 pudet?

257 821 306 885 At
322 822 350 885 st
367 821 520 886 talentum
537 820 605 885 rdm
621 820 801 904 reliquisset
818 820 938 898 decem,
1045 866 1048 870 ι

171 913 234 978 Dr.
257 913 303 978 Di
320 915 378 979 ttbi
395 913 609 980 malefacianti
644 915 703 979 Pu.
721 915 840 999 primus
859 937 944 980 esses
961 913 1143 979 memoriter

103 1021 155 1076 395
255 1008 447 1095 Progeniem
472 1019 613 1074 nostram
639 1029 741 1092 usque
766 1008 808 1073 ab
835 1030 897 1073 auo
924 1020 1020 1094 atque
1047 1020 1142 1073 atauo

595 1101 767 1188 prdferens

170 1194 233 1261 Da.
256 1196 307 1262 Ita
333 1208 368 1262 ut
395 1196 482 1262 dicis.
527 1218 587 1282 ego
619 1207 687 1260 tum
713 1217 810 1280 quom
840 1195 1054 1273 aduenissem,
1087 1197 1143 1279 qui

596 1289 674 1354 mihi

256 1383 404 1470 Cognata
421 1407 459 1449 ea
477 1394 569 1462 esset,
588 1384 740 1449 dicerem·
758 1382 868 1449 itidem
884 1383 920 1447 tu
937 1384 1017 1448 face.
1154 1401 1181 1443 m

257 1477 347 1544 Cedo
373 1478 501 1562 quidet
528 1479 682 1564 cognata?
727 1476 788 1544 Ga.
815 1476 878 1554 Eu,
904 1478 1020 1555 ndster,
1046 1490 1141 1544 recte.

594 1571 736 1649 heusta,
754 1593 843 1638 caue.

168 1668 227 1732 Ριι.
249 1664 401 1732 Dilr'tcide
419 1666 567 1752 expediui
585 1665 702 1751 quibus
719 1688 771 1731 me
788 1665 925 1752 opdrtuit

100 1774 152 1828 400
254 1761 432 1825 Iudicibus:
451 1772 520 1825 tum
536 1758 569 1824 id
586 1761 614 1824 si
631 1760 747 1825 falsum
765 1759 878 1831 fuerat,
897 1760 982 1825 fitius

255 1855 346 1935 Quor
363 1857 425 1919 ndn
443 1855 575 1920 refellit?
609 1853 673 1918 Du.
691 1853 809 1918 Filium
826 1857 935 1918 narras
951 1853 1048 1920 mihi?

255 1947 380 2028 Quoius
398 1949 438 2013 dd
456 1948 588 2013 stultitia
605 1948 668 2015 dici
685 1961 720 2013 ut
738 1948 901 2034 dignumst
917 1949 980 2013 udn
997 1960 1109 2035 potest.
1155 1968 1181 2010 ιι

169 2044 227 2107 Ριι.
251 2044 298 2107 At
315 2044 351 2107 td
368 2043 422 2127 qui
441 2044 567 2127 sapiens
584 2044 618 2106 es
636 2042 839 2128 magistratus
858 2042 921 2119 adi,

253 2136 411 2202 Iudicium
430 2136 469 2201 de
488 2137 599 2201 eadem
617 2137 714 2200 carisa
730 2135 844 2201 iterum
862 2146 898 2199 ut
920 2136 1054 2200 reddant
1071 2136 1139 2215 tibi,

100 2243 151 2296 405
256 2230 523 2313 Quanddquidem
541 2231 627 2295 solus
644 2231 759 2314 rdgnas
778 2242 809 2294 et
827 2230 885 2293 solt
901 2229 974 2294 licet

252 2324 317 2388 Hic
335 2325 374 2389 de
392 2324 503 2388 eadem
521 2345 618 2388 causa
635 2322 684 2387 bis
701 2322 855 2387 iudicium
873 2324 1015 2408 apiscier.

1152 2438 1180 2479 sc

253 2510 365 2575 Potius
383 2532 480 2594 quam
498 2510 561 2576 litis
580 2512 680 2575 secter
697 2520 752 2574 aut
769 2530 866 2593 quam
883 2522 914 2575 te
932 2509 1069 2587 aridium,

252 2604 368 2668 Itidem
384 2606 421 2668 dt
439 2616 575 2690 cognata
593 2606 620 2668 st
637 2603 688 2681 sit,
710 2603 743 2667 id
761 2603 846 2687 quod
863 2604 915 2668 lex
932 2603 1021 2668 iubet

99 2708 151 2762 410
252 2681 347 2761 Dctts
366 2697 451 2774 darc,
469 2697 573 2764 abduc
591 2696 683 2773 hanc,
701 2696 803 2761 minas
821 2696 960 2781 quinque
977 2696 1095 2782 accipe

167 2791 227 2854 Ρ.ιι
250 2789 417 2868 Habebat,
436 2790 530 2855 homo
549 2789 667 2854 suauis.
709 2787 773 2854 Da.
793 2787 882 2870 Quid
897 2792 963 2855 est?
984 2813 1061 2854 num
1079 2791 1139 2857 ini-

594 2905 691 2968 quom
708 2883 850 2968 pdstulo?

214 2929 371 3076 Ο
382 2978 441 3044 hdc
458 2977 586 3062 quidem
605 2999 666 3065 ego
683 2978 848 3063 adipiscar,
868 2976 976 3061 quod
966 3001 1016 3043 ms
1033 2979 1137 3064 ptbti-
1151 2999 1177 3040 cc

595 3073 716 3138 cumst?

166 3165 226 3230 Ριι.
249 3165 322 3230 Itan
352 3165 494 3244 tandem,
525 3188 658 3251 quaeso,
689 3166 766 3231 item
795 3166 831 3229 tt
858 3165 1053 3231 meretricem
1080 3167 1137 3232 ubi

591 3260 751 3326 abusus
727 3283 782 3337 sis,

251 3351 435 3418 Mercedem
454 3353 528 3418 dare
545 3354 598 3418 lex
616 3354 704 3418 itibet
721 3365 751 3419 e't
768 3365 864 3437 atque
881 3355 1043 3418 amittere?

97 3461 149 3515 415
251 3447 317 3523 An,
335 3457 371 3510 ut
387 3448 427 3511 nd
446 3446 523 3530 quid
539 3461 630 3533 turpe
648 3447 727 3512 ciuis
744 3448 776 3511 in
795 3471 828 3511 se
846 3446 1026 3513 admitteret

250 3539 387 3625 Propter
404 3552 587 3626 egestatem,
605 3543 758 3627 prdxumo
775 3541 891 3605 iussast
909 3541 987 3617 dari,

250 3634 295 3700 Vt
313 3656 385 3698 cum
403 3634 468 3699 dno
486 3647 622 3700 aetatem
640 3635 788 3720 degeret?
810 3635 897 3718 quod
914 3636 949 3699 tt
966 3647 1062 3699 uetat.
1150 3655 1175 3697 ιο

165 3727 228 3791 Du.
251 3727 311 3805 Ita,
329 3729 482 3812 prdxumo
500 3729 642 3814 quidcm3
661 3732 694 3794 tt
712 3751 769 3794 nos
787 3728 890 3794 unde?
908 3739 963 3792 aut
980 3749 1075 3811 quam
1094 3730 1135 3794 db

590 3824 676 3887 rem?
709 3823 769 3887 Ριι.
789 3822 872 3899 Ohe,

250 3916 397 3982 ‘Actum’
416 3916 505 3982 diunt
523 3922 577 3982 ‘ns
595 3919 692 4000 agas!
735 3915 797 3980 Du.
816 3915 887 3980 Ndn
906 3916 1019 4001 agam?
1037 3915 1134 3982 immo

588 4009 674 4075 haud
691 4009 843 4090 desinam,
