2602 4432
173 206 214 273 88
413 217 599 276 HEAVTON
617 218 895 277 TIMORVMENOS
1022 221 1073 292 IV,
1085 223 1111 277 8.
1124 221 1163 291 V,
1178 219 1195 275 1

254 342 455 429 Despinsam
477 363 603 426 quoque
626 363 695 407 esse
717 341 823 408 dicito.
865 343 934 408 Mn.
961 343 1035 421 Em,
1056 343 1140 407 istun
1153 359 1201 419 m,

592 435 766 500 utilueram.

172 531 232 597 Cn.
255 531 359 595 Tanto
377 531 513 607 (iniuste
531 539 567 595 ut
584 530 695 615 piscat
712 542 744 595 et
760 541 805 607 tu,
823 531 857 595 id
873 532 961 614 quid
978 531 1077 617 enpis,

256 625 364 707 Quam
381 626 538 690 ocissume
555 635 591 689 ut
609 623 674 688 des.
709 623 777 688 Mn.
800 622 915 710 Cirpio.
952 623 1012 690 Cn.
1034 625 1085 690 Ne
1102 634 1138 689 tu

591 717 785 803 prtipediem,

255 812 300 877 Vt
316 812 409 876 istim
426 832 493 875 rem
510 810 614 889 uideo,
632 811 723 875 istius
741 811 975 877 obsaturibere.

256 904 322 971 Sed
338 905 417 970 haee
434 905 481 969 uti
497 915 581 982 sunt,
599 904 717 969 earitim
735 915 766 970 et
783 907 935 990 paulatim
954 906 1055 983 dabis,

255 998 292 1065 Si
304 999 417 1084 eripies.
443 999 512 1063 Mn.
530 998 671 1063 Faciam.
699 996 759 1063 On.
780 1000 846 1063 Abi
859 1003 955 1065 intro:
973 1000 1047 1065 uide
1060 999 1138 1084 quid
1151 1018 1180 1058 ro

591 1092 736 1177 pistulet.

253 1188 326 1272 Ego
344 1187 429 1251 dimi
448 1206 511 1263 ero,
529 1186 557 1250 si
574 1187 652 1271 quid
668 1189 719 1252 me
736 1187 835 1252 uoles.
861 1187 929 1252 Mn.
949 1187 1035 1253 Sane
1052 1189 1137 1254 uolo.

253 1281 286 1346 N
286 1304 338 1345 em
355 1283 386 1345 te
403 1279 554 1345 scientem
571 1279 698 1357 ficiam,
715 1280 870 1365 quidquid
887 1284 991 1367 egero.

514 1834 716 1916 ACTVS
744 1836 794 1916 V.

397 1989 662 2054 Mnnnnnmvs
708 1985 906 2052 Curense

482 2103 575 2147 senes
786 2105 809 2144 11

168 2221 235 2286 Mn.
253 2205 326 2307 ligo
344 2242 395 2285 me
412 2240 476 2284 non
493 2230 558 2282 tam
571 2218 710 2282 astitum
724 2240 827 2301 neque
840 2230 906 2282 tam
922 2218 1136 2304 perspicacem
1147 2240 1189 2289 v,1

594 2334 663 2376 esse
679 2312 713 2376 id
730 2313 810 2390 sei03

100 2418 152 2473 875
255 2408 382 2473 sedhic
395 2408 519 2472 adiutor
531 2408 621 2471 meus
633 2418 664 2472 et
676 2406 812 2470 monitor
825 2408 857 2472 et
869 2408 1137 2493 praemonstraten

594 2497 748 2564 Chremes

253 2598 326 2661 Ηόο
348 2595 425 2660 mihi
446 2603 599 2681 praestat:
625 2595 659 2658 in
680 2616 732 2659 me
749 2594 875 2678 quiduis
897 2594 1008 2659 herum
1030 2618 1136 2660 rerum

593 2688 748 2765 einuenit,

254 2786 348 2868 Quae
366 2794 440 2849 sunt
457 2784 542 2848 dieta
557 2782 591 2846 in
608 2783 714 2857 sttlto,
735 2783 868 2857 caudex,
892 2784 998 2868 stipes,
1017 2783 1135 2862 asinus,

590 2875 771 2961 plrimbeus3

252 2953 292 3037 in
310 2972 399 3037 illum
416 2971 461 3035 nil
478 2972 595 3056 potest:
624 2980 792 3056 exsuperet
813 2972 880 3035 eius
902 2970 1035 3036 stultitia
1057 2970 1136 3037 haee
1161 2988 1175 3032 s

592 3064 707 3128 simnia.
828 3102 831 3108 ,

170 3158 229 3225 Cn.
254 3138 338 3237 Ohe,
361 3158 475 3224 desiste
496 3157 626 3242 inquim
648 3157 735 3235 deos,
757 3178 848 3233 uxor,
870 3157 1057 3242 gratulando
1079 3158 1135 3222 ob·

592 3252 733 3329 tindere,

99 3359 151 3414 880
252 3348 356 3412 Triam
371 3369 439 3412 esse
452 3345 615 3411 inuentam
632 3349 775 3430 gnitnm3
793 3343 854 3408 nisi
871 3344 941 3408 illos
959 3347 998 3409 ex
1015 3356 1070 3410 tuo
1087 3338 1136 3410 ih·

590 3439 684 3524 genio
702 3438 833 3512 indicas,

251 3517 297 3602 Vt
313 3535 358 3599 nil
375 3533 485 3599 eredes
503 3534 695 3618 intellegere,
717 3533 777 3596 nisi
793 3533 879 3596 idem
897 3532 1045 3597 dictumst
1062 3534 1136 3597 een-

591 3629 681 3694 tiens.

253 3724 319 3791 Sed
340 3721 465 3789 interim
483 3721 559 3807 quid
580 3722 644 3787 illie
665 3722 729 3787 iam
751 3719 873 3785 dudum
894 3722 1011 3806 gnitus
1033 3733 1136 3786 cessat

591 3817 663 3881 erim
682 3814 783 3899 Sym?

167 3916 235 3982 Mn.
255 3911 346 3998 Quis
363 3921 409 3977 eis
423 3910 576 3989 homines,
596 3908 758 3988 Chremes,
776 3908 917 3974 cessere?
947 3906 1005 3973 Cn.
1021 3907 1134 3986 Ehem,
1148 3928 1174 3971 m

590 4004 792 4082 Menedeme,
809 4002 960 4070 aduenis?
