2602 4432
208 217 248 285 12
610 227 762 287 sunaus
1143 309 1145 312 Α
1168 222 1220 298 1‚¹

289 354 399 432 Dedit,
418 352 572 419 cenauit.''
599 353 789 438 gaudebam.
815 353 893 419 itcm
910 352 971 420 alio
990 352 1041 418 die

152 466 187 520 90
289 449 506 533 Quaerebam:
525 446 757 532 comperiebam
774 448 819 514 nil
837 448 878 513 ad
895 446 1100 533 Pamphilum
1202 453 1204 458 '

205 600 253 632 9
289 544 470 626 Quicquam
488 541 628 606 ittincre.
660 541 744 605 enim
761 543 837 607 uero
850 541 1032 627 spectatum
1050 540 1125 604 satis

288 638 446 703 Puttbam
464 646 496 700 et
512 657 663 720 magnum
681 635 861 720 exemplum
879 634 1089 701 continentiae
1095 658 1104 710 ;
1182 646 1208 691 ⁶⁵

288 732 372 797 Nam
389 730 444 814 qul
461 751 533 793 cum
549 727 685 814 ingeniis
701 727 898 794 conflictatur
916 729 983 795 eius
1001 728 1087 792 modi

288 827 402 910 Neque
420 825 636 890 commonetur
653 823 777 889 inimus
793 824 827 889 in
844 847 882 890 ca
898 825 933 889 re
950 835 1066 900 tamen,

111 987 112 991 ,
152 929 187 984 95
290 921 380 987 Scias
398 918 491 1004 posse
507 916 625 982 habere
638 917 702 981 iam
719 919 823 1005 ipsum
836 941 912 985 suae
927 918 1012 983 uitas
1029 917 1168 981 modum.

289 1013 396 1096 Quom
411 1012 443 1076 id
456 1011 533 1075 mihi
546 1010 702 1096 placebat,
716 1024 784 1077 tum
797 1013 861 1077 tino
875 1035 929 1078 ore
943 1034 1051 1078 omues
1064 1010 1170 1076 omnia

288 1111 381 1172 Bona
397 1107 502 1171 dicere
520 1116 551 1170 et
568 1104 697 1171 laudtre
715 1106 857 1171 fortunas
875 1129 972 1184 meas,
1183 1124 1208 1163 το

77 1237 131 1313 ῃ,
155 1241 246 1315 m„
275 1202 355 1284 Qui
373 1201 504 1286 guttum
522 1199 671 1264 haberem
690 1201 743 1264 tali
761 1200 889 1287 ingenio
905 1201 1091 1451 pyitum.

133 1288 141 1304 ⁸
289 1296 378 1378 Quid
391 1294 496 1360 uerbis
511 1316 590 1378 opus
604 1294 670 1359 est?
687 1293 746 1359 hcc
762 1293 949 1380 famainpul
989 1292 1170 1359 sOhremes

136 1401 186 1456 100
288 1391 380 1456 Vltro
398 1389 439 1453 ad
456 1409 508 1452 me
524 1386 623 1464 uenit,
641 1386 765 1452 unicam
784 1388 914 1473 gnatam
971 1410 1020 1450 am

289 1482 372 1548 Cum
390 1482 464 1547 dote
481 1504 605 1546 summa
622 1481 689 1546 fflio
707 1503 839 1546 uxorem
856 1482 892 1546 iat
909 1482 1007 1546 daret.

162 1614 164 1618 ·
288 1577 428 1641 Placuit:
447 1574 610 1660 despondi.
634 1574 685 1640 hic
702 1575 819 1660 nuptiis
837 1575 953 1640 dictust
970 1575 1046 1640 dics.
1182 1591 1208 1634 ss

205 1671 260 1738 So.
288 1669 376 1752 Quid
393 1670 490 1755 igitur
507 1668 621 1745 obstat,
644 1669 724 1751 quor
741 1691 805 1734 non
822 1669 918 1734 fiant?
953 1668 999 1735 S1.
1035 1667 1167 1733 Audies.

195 1782 244 1849 7
284 1764 370 1839 Fere
387 1766 421 1828 ln
438 1763 549 1828 diebus
568 1762 687 1848 paucis,
705 1763 820 1845 quibus
839 1763 919 1827 haec
936 1764 1006 1827 aicta
1025 1772 1109 1838 sunt,

136 1871 187 1926 105
290 1857 421 1944 Chrysis
439 1856 544 1922 uicina
556 1855 635 1922 hacc
648 1857 789 1921 moritur.
813 1856 868 1923 So.
892 1854 923 1922 Ο
942 1856 1060 1921 factum
1075 1855 1168 1921 benc!

288 1952 412 2030 Beata
432 1949 488 2037 [ei]
509 1951 606 2016 metui
624 1974 643 2016 a
662 1948 826 2036 Ohry'side.
855 1949 901 2016 Si.
929 1951 980 2015 Ibi
997 1962 1064 2015 tum
1084 1950 1169 2014 illius

291 2044 376 2112 Cum
401 2045 472 2123 illis,
499 2044 554 2128 qui
581 2056 724 2109 amarant
747 2043 945 2131 Chrysidem,
972 2067 1037 2109 una
1063 2043 1170 2109 aderit
1183 2060 1209 2102 so

629 2139 793 2222 frequens3

291 2235 433 2303 Curabat
449 2257 515 2300 una
532 2235 642 2311 funus3
661 2235 756 2299 tristis
774 2235 909 2310 interim,

289 2331 362 2396 Non
392 2330 565 2413 numquam
596 2328 861 2393 conlacrumtbat.
896 2328 1014 2413 placuit
1044 2338 1113 2392 tum
1138 2326 1170 2391 ld

630 2423 716 2488 mihi.

291 2520 346 2586 Sic
364 2517 543 2604 cogitabam
561 2516 628 2581 ‘hic
646 2518 764 2603 ptruae
782 2517 1015 2582 consuetudinis

292 2613 400 2680 Causa
416 2611 509 2676 huius
527 2623 662 2677 mortem
679 2611 744 2675 tam
762 2610 823 2676 fert
840 2610 1047 2676 familitriter:

291 2706 379 2789 Quid
395 2705 423 2771 si
439 2706 507 2791 lpse
525 2704 680 2770 amasset?
697 2705 774 2787 quld
790 2703 842 2769 hic
854 2704 932 2769 mihi
944 2704 1040 2770 faciet
1056 2704 1169 2791 patrii’
1183 2722 1209 2764 ss

291 2803 383 2866 Haec
400 2800 460 2886 ego
477 2799 630 2885 putabam
648 2821 717 2863 csse
736 2797 841 2863 omnia
858 2798 988 2863 humani
1004 2799 1113 2885 ingeni

290 2893 516 2977 Mansuetique
534 2892 631 2957 animi
648 2892 762 2957 officia.
789 2891 866 2974 quid
883 2891 990 2956 multis
1007 2893 1130 2957 moror?

291 2988 429 3072 Egomet
446 3007 573 3070 quoque
590 2987 659 3052 cius
676 2986 773 3052 causa
790 2985 823 3049 in
841 2986 936 3050 funus
953 2985 1082 3071 prodeo
1212 3023 1215 3027 .

292 3083 345 3146 Nil
358 3082 451 3147 ctiam
467 3081 629 3166 suspicans
643 3081 727 3147 mali.
765 3079 821 3146 Sc.
849 3081 944 3157 Hem,
963 3079 1040 3164 quid
1056 3080 1171 3146 idest?

632 3174 680 3241 S1.
708 3175 807 3241 Scies.

291 3269 454 3346 Ecicrtun
476 3269 569 3334 imus.
597 3271 717 3335 interca
734 3270 815 3334 iuter
832 3268 990 3344 mulieres,
1185 3289 1211 3331 oo

292 3354 386 3448 Quae
402 3362 447 3426 ibi
465 3362 607 3441 iderant,
630 3363 711 3428 forte
728 3387 825 3428 unam
847 3361 965 3448 aspicio
988 3361 1172 3428 adulescc'n-

631 3455 740 3533 tulam,

291 3551 409 3617 Formi
426 3549 483 3617 So.
509 3551 602 3615 Bona
618 3549 761 3614 fortasse.
797 3549 843 3616 81.
862 3561 892 3615 et
910 3550 1010 3628 uoltu,
1030 3549 1134 3627 Sosia,

292 3646 385 3711 Adeo
402 3644 556 3722 modesto,
575 3644 654 3709 adeo
671 3655 815 3720 uenusto,
834 3655 869 3708 ut
886 3645 931 3708 ull
948 3666 1053 3730 supra.

292 3739 378 3821 Quia
395 3740 463 3803 tiam
480 3737 558 3802 mihi
575 3738 738 3803 lameuttri
757 3748 881 3823 praeter
898 3739 1017 3802 ceteras

292 3833 410 3907 Visast
429 3843 461 3898 et
478 3832 553 3916 quia
570 3841 637 3896 erat
654 3830 756 3896 forma
773 3842 898 3916 praeter
915 3832 1034 3896 ceteras
1186 3848 1213 3893 as

293 3927 438 3992 Honesta
455 3948 492 3991 ac
508 3924 640 3999 liberali,
659 3924 775 3989 accedo
793 3925 833 3989 ad
852 3925 1048 4011 pedisequas,

294 4019 386 4108 Quas
404 4020 444 4084 alt
461 4040 553 4108 rogo:
572 4018 711 4090 sororem
728 4041 797 4088 esse
815 4018 904 4089 aiunt
921 4016 1096 4110 Chrysidis.
