2602 4432
178 211 242 278 200
586 225 741 282 anonim
1113 256 1120 269 s
1148 229 1173 306 1,
1182 228 1205 306 n

178 348 234 415 Sr.
262 348 361 416 Salua
387 358 556 426 mecastor,
582 349 751 414 Parmeno.
803 350 863 415 ΡΑ.
891 350 935 416 Et
963 362 998 417 tu
1025 352 1150 438 edepal,

603 441 696 529 Syra.

260 537 325 602 Dic
342 537 396 614 mi,
413 536 480 613 tbi,
496 536 643 615 Philotis,
661 549 692 603 te
711 538 875 603 ableotasti
892 540 958 603 tam
976 539 1049 604 diu?

124 645 159 698 85
175 633 236 697 ΡΗ
258 632 405 696 Minume
423 631 572 715 aquidem
589 653 640 697 me
658 631 826 710 oblectaui‚
844 653 926 716 quae
944 655 1017 698 oum
1035 633 1134 699 milite
1162 653 1190 692 ιο

261 723 450 789 Corinthum
468 723 542 789 hinc
560 747 631 788 sum
648 725 790 810 prefacta
807 724 1094 791 inhumanissumoz

260 819 430 883 Biannium
447 817 492 882 ibi
510 819 695 902 perpatuom
714 818 828 883 misera
845 819 935 883 ilhim
953 819 1022 885 tuli.

174 914 235 978 ΡΗ
258 912 383 998 Edepol
400 924 431 977 te
449 912 639 976 desidarium
656 912 857 977 Athenarum
875 913 1018 990 arbitror,

260 1005 444 1084 Philotium,
462 1008 583 1091 cepisse
601 1028 696 1091 saepe
713 1016 746 1071 et
763 1007 794 1070 ta
812 1016 900 1071 tuom

123 1105 158 1158 9⁰
260 1099 437 1165 Consilium
455 1101 690 1185 contempsisse.
733 1100 793 1164 Pn.
811 1100 884 1166 Non
902 1100 964 1165 dici
981 1109 1095 1186 potest,
1159 1114 1188 1156 1⁵

259 1193 367 1276 Quam
397 1193 513 1279 capida
543 1215 629 1257 eram
660 1193 723 1258 huc
753 1193 921 1272 redelindi,
956 1191 1093 1259 abeundi
1127 1214 1148 1256 a

600 1286 699 1349 milite

258 1383 391 1464 Vosque
408 1380 460 1443 hic
477 1378 616 1454 uidendi,
635 1381 766 1462 antiqua
782 1389 819 1444 ut
836 1378 1063 1444 consuetddine

258 1474 425 1560 Agitarem
443 1474 598 1537 internos
618 1472 716 1538 libere
735 1473 926 1539 conuiuium.

259 1568 343 1633 Nam
360 1567 407 1632 illi
423 1566 509 1631 haud
525 1566 641 1630 licebat
657 1567 718 1631 nisi
736 1567 898 1651 praefinita
915 1566 1002 1650 loqui

122 1666 156 1720 95
259 1660 352 1742 Quae
369 1661 415 1725 illi
435 1661 605 1749 qlacerent.
647 1660 708 1724 ΡΗ.
726 1661 825 1724 Harid
847 1660 958 1746 opinor
979 1658 1145 1724 cammode
1159 1676 1187 1717 ro

258 1756 372 1820 Finam
391 1755 538 1819 statuisse
555 1754 688 1818 orationi
705 1754 846 1819 militem.
1165 1752 1168 1756 ’

171 1851 231 1915 ΡΗ.
256 1849 322 1916 Sed
340 1848 416 1932 quid
433 1848 494 1912 hoc
511 1847 660 1932 negotist,
678 1849 773 1913 mado
791 1848 876 1931 quod
893 1848 1034 1912 narrauit
1052 1845 1131 1910 mihi

256 1945 321 2008 Hic
338 1946 422 2007 intus
441 1941 595 2007 Bacchis?
617 1943 701 2025 quad
719 1964 779 2028 ego
796 1963 970 2025 numquam
989 1939 1109 2005 oradidi

258 2039 352 2115 Fore,
371 2048 407 2102 ut
423 2037 476 2102 ille
493 2036 553 2100 hac
571 2036 646 2101 uiua
663 2037 768 2121 passet
786 2035 926 2101 animum
943 2035 1092 2099 indiscere

104 2137 155 2191 100
256 2133 396 2198 derem
418 2130 546 2195 habere.
588 2129 648 2193 ΡΗ.
672 2130 801 2195 Habarc
824 2128 949 2194 autem?
986 2129 1047 2193 ΡΗ.
1070 2127 1144 2191 Eho
1158 2144 1186 2186 2⁵

596 2232 640 2298 tu,
659 2247 699 2288 an
717 2225 779 2288 nan
798 2223 913 2288 habet?

171 2322 230 2385 ΡΑ.
257 2320 377 2395 Habat,
396 2318 452 2382 sed
469 2317 579 2382 iirrnae
597 2315 676 2382 haec
693 2319 806 2382 uareor
823 2327 859 2381 ut
876 2317 939 2381 sint
954 2315 1094 2401 naptiae.

171 2414 231 2478 ΡΗ.
254 2415 306 2477 Ita
324 2413 357 2477 di
374 2411 515 2494 deaeque
533 2409 644 2487 faxint,
663 2410 688 2473 si
706 2409 739 2473 in
757 2432 824 2475 rem
842 2420 890 2474 est
906 2408 1085 2473 Bacchidis.

256 2506 323 2574 Sed
348 2507 404 2590 qui
428 2506 511 2568 istnc
537 2503 664 2569 credam
689 2503 734 2568 ita
760 2505 839 2581 asse,
871 2502 922 2567 dic
947 2503 1035 2580 mihi,
1061 2502 1144 2566 Par-

597 2618 698 2663 meno.

171 2697 231 2760 ΡΑ.
258 2695 332 2759 Non
350 2694 398 2758 ast
415 2715 495 2778 opus
512 2690 649 2777 prolato:
667 2690 728 2756 hcc
744 2690 958 2776 percontarier

102 2795 153 2849 105
254 2789 392 2854 Desiste.
444 2787 505 2851 ΡΗ.
532 2785 656 2872 Nempe
683 2808 721 2850 ea
747 2787 857 2862 carisa,
888 2796 925 2850 ut
955 2808 996 2851 ne
1026 2785 1060 2848 id
1085 2785 1143 2850 iiat
1156 2804 1185 2846 so

168 2896 174 2909 ’
596 2880 720 2964 palam?

254 2977 305 3040 Ita
322 2975 372 3038 ma
391 2974 424 3037 di
442 2973 603 3049 amabunt,
621 2972 707 3038 hadd
723 2983 890 3059 propterea
907 2975 938 3037 ta
956 2995 1045 3060 rogo,

253 3070 299 3135 Vt
316 3067 375 3131 hoc
392 3068 561 3152 materam,
585 3068 640 3131 sed
658 3077 693 3129 ut
710 3066 806 3130 tacita
823 3089 948 3131 mecum
971 3065 1141 3152 gaudeam.

167 3167 226 3229 ΡΑ.
254 3163 438 3244 Numquam
456 3173 521 3225 tam
539 3160 623 3224 dices
642 3160 813 3234 edmmode‚
835 3171 871 3224 ut
889 3162 1013 3246 tergam
1030 3183 1141 3225 meum

253 3258 357 3321 Tuam
378 3257 412 3318 in
432 3254 527 3318 fidem
551 3255 753 3318 committam.
796 3254 856 3317 ΡΗ.
880 3253 935 3318 Ah
957 3253 1032 3331 noli,
1057 3253 1141 3318 Par-

594 3369 701 3412 meno:

100 3458 151 3511 110
253 3443 354 3526 Quasi
372 3443 407 3506 tt
424 3463 488 3504 non
505 3441 604 3505 multo
623 3440 713 3504 malis
731 3463 857 3505 narrare
875 3440 936 3506 hac
953 3440 1030 3505 mihi
1154 3462 1184 3504 so

252 3536 359 3619 Quam
378 3556 438 3620 ego
457 3535 537 3617 quaa
555 3545 722 3618 percontor
743 3536 831 3598 scire.
874 3533 935 3598 ΡΑ.
953 3536 1040 3601 Vera
1058 3533 1140 3601 haec

561 3682 563 3686 1
591 3627 762 3712 praadioat
1172 3705 1175 3709 ,

251 3723 295 3787 Et
312 3723 390 3786 ilhid
408 3719 484 3785 mihi
502 3719 643 3784 uitiumst
662 3724 855 3785 maxumum.
891 3721 918 3785 si
936 3720 1013 3785 mihi
1030 3721 1130 3788 fidem

251 3817 321 3880 Das
338 3818 369 3880 ta
388 3815 563 3891 tacituram,
582 3814 693 3879 dicam.
720 3815 780 3879 ΡΗ.
795 3814 849 3878 Ad
863 3814 1025 3899 ingeniirm
1040 3817 1138 3883 redis.

250 3909 363 3980 Fidam
391 3909 446 3973 do:
478 3910 617 3991 loquere.
664 3909 723 3972 ΡΑ.
751 3907 918 3972 Auscsilta.
970 3909 1030 3972 ΡΗ.
1058 3910 1143 3977 Istic

589 4023 671 4073 sum.
703 4001 762 4070 Pa,
781 4002 875 4069 Hanc
893 4002 1089 4072 Bacchidem
