2602 4432
111 230 243 316 lv,1-a
542 244 748 304 1³vach
1068 236 1128 302 127

247 351 396 448 lacerae,
410 379 446 434 ut
460 369 593 435 delectet
606 369 659 436 hie
672 370 751 436 noa'
780 371 836 436 illa
854 369 1039 458 [exclamat]
1058 371 1131 437 '‘mi·
1148 387 1198 442 625

586 488 683 530 nume
700 465 857 552 gentium:

248 538 287 622 ln
306 557 489 622 conuiuium
506 557 627 623 illam?'
644 559 734 624 miles
752 560 894 625 tendere:
917 559 991 624 inde
1009 558 1050 623 ad
1066 559 1130 623 iitr-

585 675 684 739 gium.

163 761 166 765 ’
246 726 373 812 lnterea
394 769 507 811 aurum
525 747 586 811 albi
603 747 685 812 elam
702 747 815 813 mulier
833 746 940 826 demit,
962 747 1016 813 dat
1033 748 1077 812 mi
1094 759 1130 812 ut

310 831 318 843 ’
586 843 737 907 alferam.

162 944 164 953 ’
246 938 321 1002 Hie
339 947 387 1002 est
404 936 501 1024 signi:
524 937 580 1001 ubi
596 939 734 1023 piimum
751 938 875 1023 poterit,
898 960 933 1004 se
950 938 1037 1003 illinc
1054 939 1130 1004 sub·

535 1051 538 1056 ·
587 1030 680 1096 ducet
698 1032 773 1098 saio.

415 1263 640 1327 Puteum
710 1261 876 1325 Domai

427 1369 621 1414 mmmmm
723 1369 855 1412 mamm

141 1505 146 1526 .
245 1459 334 1524 Dum
352 1459 406 1523 riis
425 1480 473 1534 eo,
492 1456 582 1544 coepi
600 1460 728 1544 egomet
744 1478 870 1538 meeum
887 1457 969 1522 inter
985 1457 1065 1537 uias,

244 1553 296 1617 Ita
312 1553 348 1617 tit
364 1553 410 1629 fit,
427 1551 484 1616 ubi
502 1552 579 1635 quid
596 1553 629 1616 ln
648 1552 783 1618 animost
800 1550 972 1630 molestiae,
1147 1560 1198 1616 630

164 1707 166 1710 .
244 1647 353 1712 Aliam
369 1669 436 1711 rem
455 1668 494 1710 ex
512 1646 733 1733 alia'eligitara
750 1656 782 1709 et
799 1667 837 1710 ea
855 1645 961 1710 emnia

160 1798 162 1803 .
244 1740 391 1806 Pei6rem
405 1740 439 1803 in
452 1750 585 1825 partem.
613 1739 692 1825 quid
703 1750 798 1825 opust
815 1738 940 1804 uerbis?
957 1739 1033 1804 (lum
1051 1740 1130 1807 haee

586 1845 674 1919 pum,

244 1928 400 1994 Praeterii
417 1927 591 2013 inprudens
608 1928 727 1992 uillam.
763 1927 859 2014 longe
875 1927 939 1992 iam
957 1928 1108 2007 abieram,

245 2022 353 2103 Quom
367 2021 465 2087 sensi:
483 2020 579 2086 redeo
592 2022 728 2099 tirsum,
746 2022 828 2086 male
842 2023 919 2087 uerti
934 2044 985 2087 me
998 2020 1128 2089 habens.

243 2116 308 2182 Vbi
326 2116 366 2181 ad
384 2117 489 2201 ipsum
507 2115 581 2179 ueni
599 2115 841 2192 deuerticulum,
861 2116 1001 2181 tinstiti:
1146 2124 1198 2182 635

245 2207 367 2295 Occepi
384 2231 509 2274 meeum
529 2208 667 2294 otgitare
685 2208 783 2287 ‘hem‚
802 2209 934 2274 biduom
951 2210 1003 2276 hie

243 2303 471 2368 Manendumst
488 2303 547 2368 soli
565 2305 632 2367 eine
649 2302 724 2368 illa?
741 2304 818 2388 quid
835 2315 903 2369 tum
920 2305 1048 2389 platea?

244 2396 299 2462 Nil
316 2399 374 2463 est.
410 2397 506 2480 quid?
523 2397 586 2461 nil?
604 2396 630 2460 si
647 2398 710 2461 min
727 2398 879 2482 tangendi
897 2399 1027 2484 eipiast,

243 2491 326 2569 Eho,
344 2492 385 2556 ne
402 2491 533 2556 uidendi
551 2491 679 2574 quidem
698 2491 775 2556 erit?
792 2492 819 2555 si
836 2492 916 2556 illud
932 2494 997 2557 min
1015 2493 1098 2571 licet,

244 2584 366 2651 Saltem
383 2585 444 2650 hila
461 2584 578 2652 licebit.
615 2586 699 2649 certe
716 2596 856 2650 extrema
874 2586 958 2651 linea
1146 2601 1198 2657 640

243 2680 363 2744 Amare
380 2679 466 2743 haud
484 2679 528 2742 nil
546 2679 615 2743 est?
653 2679 762 2742 uillam
780 2681 943 2764 praetere6
962 2679 1075 2745 sciens.

118 2828 121 2833 ,
244 2771 310 2839 Sed
344 2774 422 2858 quid
455 2773 531 2850 hoe,
566 2773 652 2856 quod
686 2772 797 2838 timida
828 2773 932 2837 aiibito
968 2775 1129 2860 egreditur

581 2864 736 2951 Py'thias?

284 3086 475 3152 Parrum
544 3086 710 3153 Doa1as
779 3088 1002 3180 Paianam

300 3194 451 3238 memma
614 3196 637 3235 11
790 3195 984 3240 anmascms

105 3284 217 3354 xvaPa
239 3264 305 3350 Vbi
331 3306 391 3368 ego
417 3283 508 3349 illum
534 3282 726 3349 seelerdsum
752 3284 867 3349 misera
889 3297 984 3371 atque
1007 3289 1126 3375 inpium

581 3378 760 3443 inueniam?
778 3379 833 3443 am
848 3379 905 3444 ubi
923 3384 1093 3464 quaeram?

242 3470 368 3538 Hdeine
395 3482 460 3537 tam
486 3472 591 3538 audax
617 3472 740 3536 facinus
764 3473 871 3539 faeere
898 3497 966 3540 esse
997 3478 1126 3543 misum!

579 3564 640 3629 Pa.
658 3565 758 3631 Perii:
777 3566 838 3632 hoe
856 3569 933 3651 quid
950 3570 989 3633 sit
1002 3593 1124 3636 uereor.

156 3658 216 3725 Pa.
239 3658 326 3741 Quin
350 3659 444 3726 etiam
465 3659 595 3744 insuper
613 3661 726 3738 scelus,
749 3673 917 3746 postquam
935 3663 1127 3730 liidificatust
1144 3680 1195 3735 645

581 3755 747 3840 uirginem,

242 3847 375 3913 Vestem
409 3849 535 3914 emnem
569 3848 703 3913 miserae
739 3849 877 3928 discidit,
918 3861 985 3916 tum
1024 3853 1125 3942 ipsam

583 3942 697 4028 capillo
715 3943 877 4010 eenseidit.

131 4034 216 4103 ePn.
240 4038 336 4104 Hem.
379 4036 438 4102 Pa.
465 4035 531 4122 Qui
548 4059 635 4104 nune
652 4036 679 4104 si
697 4037 789 4105 denir
805 4037 892 4117 mihi,
